{
    "financial": {
        "1 - 月度实收金额": [
            {
                "order_month": "2023-09",
                "total_revenue": 22015.6,
                "total_orders": 508,
                "avg_order_price": 43.33779527559055
            },
            {
                "order_month": "2023-10",
                "total_revenue": 138008.1,
                "total_orders": 2598,
                "avg_order_price": 53.12090069284065
            },
            {
                "order_month": "2023-11",
                "total_revenue": 122216.48,
                "total_orders": 2634,
                "avg_order_price": 46.3995747911921
            },
            {
                "order_month": "2023-12",
                "total_revenue": 101963.97,
                "total_orders": 2234,
                "avg_order_price": 45.641884512085944
            },
            {
                "order_month": "2024-01",
                "total_revenue": 86175.7,
                "total_orders": 1597,
                "avg_order_price": 53.9609893550407
            },
            {
                "order_month": "2024-02",
                "total_revenue": 51532.4,
                "total_orders": 1120,
                "avg_order_price": 46.01107142857143
            },
            {
                "order_month": "2024-03",
                "total_revenue": 187218.56,
                "total_orders": 2467,
                "avg_order_price": 75.88916092419943
            },
            {
                "order_month": "2024-04",
                "total_revenue": 119015.61,
                "total_orders": 2173,
                "avg_order_price": 54.77018407731247
            },
            {
                "order_month": "2024-05",
                "total_revenue": 151479.47,
                "total_orders": 2724,
                "avg_order_price": 55.609203377386194
            },
            {
                "order_month": "2024-06",
                "total_revenue": 151352.22,
                "total_orders": 2526,
                "avg_order_price": 59.91774346793349
            },
            {
                "order_month": "2024-07",
                "total_revenue": 129453.85,
                "total_orders": 2341,
                "avg_order_price": 55.29852627082444
            },
            {
                "order_month": "2024-08",
                "total_revenue": 121661.82,
                "total_orders": 2290,
                "avg_order_price": 53.127432314410484
            },
            {
                "order_month": "2024-09",
                "total_revenue": 127844.33,
                "total_orders": 2528,
                "avg_order_price": 50.57133306962025
            },
            {
                "order_month": "2024-10",
                "total_revenue": 158278.38,
                "total_orders": 2991,
                "avg_order_price": 52.9182146439318
            },
            {
                "order_month": "2024-11",
                "total_revenue": 157062.93,
                "total_orders": 2873,
                "avg_order_price": 54.66861468847894
            },
            {
                "order_month": "2024-12",
                "total_revenue": 167728.22,
                "total_orders": 2902,
                "avg_order_price": 57.79745692625775
            }
        ],
        "1 - 时间段销售分析": [
            {
                "order_month": "2023-09",
                "order_hour": 7,
                "total_orders": 1,
                "total_revenue": 28.0,
                "avg_order_price": 28.0
            },
            {
                "order_month": "2023-09",
                "order_hour": 8,
                "total_orders": 10,
                "total_revenue": 562.4,
                "avg_order_price": 56.239999999999995
            },
            {
                "order_month": "2023-09",
                "order_hour": 9,
                "total_orders": 33,
                "total_revenue": 1676.6,
                "avg_order_price": 50.806060606060605
            },
            {
                "order_month": "2023-09",
                "order_hour": 10,
                "total_orders": 50,
                "total_revenue": 2239.0,
                "avg_order_price": 44.78
            },
            {
                "order_month": "2023-09",
                "order_hour": 11,
                "total_orders": 41,
                "total_revenue": 2026.0,
                "avg_order_price": 49.41463414634146
            },
            {
                "order_month": "2023-09",
                "order_hour": 12,
                "total_orders": 52,
                "total_revenue": 1939.6,
                "avg_order_price": 37.3
            },
            {
                "order_month": "2023-09",
                "order_hour": 13,
                "total_orders": 64,
                "total_revenue": 2854.3,
                "avg_order_price": 44.5984375
            },
            {
                "order_month": "2023-09",
                "order_hour": 14,
                "total_orders": 60,
                "total_revenue": 2652.6,
                "avg_order_price": 44.21
            },
            {
                "order_month": "2023-09",
                "order_hour": 15,
                "total_orders": 87,
                "total_revenue": 4028.0,
                "avg_order_price": 46.298850574712645
            },
            {
                "order_month": "2023-09",
                "order_hour": 16,
                "total_orders": 69,
                "total_revenue": 2204.8,
                "avg_order_price": 31.9536231884058
            },
            {
                "order_month": "2023-09",
                "order_hour": 17,
                "total_orders": 34,
                "total_revenue": 1517.7,
                "avg_order_price": 44.63823529411765
            },
            {
                "order_month": "2023-09",
                "order_hour": 18,
                "total_orders": 5,
                "total_revenue": 204.0,
                "avg_order_price": 40.8
            },
            {
                "order_month": "2023-09",
                "order_hour": 19,
                "total_orders": 1,
                "total_revenue": 64.6,
                "avg_order_price": 64.6
            },
            {
                "order_month": "2023-09",
                "order_hour": 20,
                "total_orders": 1,
                "total_revenue": 18.0,
                "avg_order_price": 18.0
            },
            {
                "order_month": "2023-10",
                "order_hour": 8,
                "total_orders": 37,
                "total_revenue": 1435.6,
                "avg_order_price": 38.8
            },
            {
                "order_month": "2023-10",
                "order_hour": 9,
                "total_orders": 126,
                "total_revenue": 6175.9,
                "avg_order_price": 49.01507936507936
            },
            {
                "order_month": "2023-10",
                "order_hour": 10,
                "total_orders": 182,
                "total_revenue": 7907.2,
                "avg_order_price": 43.44615384615385
            },
            {
                "order_month": "2023-10",
                "order_hour": 11,
                "total_orders": 196,
                "total_revenue": 8521.7,
                "avg_order_price": 43.4780612244898
            },
            {
                "order_month": "2023-10",
                "order_hour": 12,
                "total_orders": 287,
                "total_revenue": 12575.7,
                "avg_order_price": 43.81777003484321
            },
            {
                "order_month": "2023-10",
                "order_hour": 13,
                "total_orders": 325,
                "total_revenue": 14842.8,
                "avg_order_price": 45.670153846153845
            },
            {
                "order_month": "2023-10",
                "order_hour": 14,
                "total_orders": 416,
                "total_revenue": 19236.5,
                "avg_order_price": 46.24158653846154
            },
            {
                "order_month": "2023-10",
                "order_hour": 15,
                "total_orders": 471,
                "total_revenue": 22477.9,
                "avg_order_price": 47.72377919320595
            },
            {
                "order_month": "2023-10",
                "order_hour": 16,
                "total_orders": 325,
                "total_revenue": 14956.8,
                "avg_order_price": 46.020923076923076
            },
            {
                "order_month": "2023-10",
                "order_hour": 17,
                "total_orders": 145,
                "total_revenue": 5878.7,
                "avg_order_price": 40.54275862068965
            },
            {
                "order_month": "2023-10",
                "order_hour": 18,
                "total_orders": 46,
                "total_revenue": 17830.7,
                "avg_order_price": 387.6239130434783
            },
            {
                "order_month": "2023-10",
                "order_hour": 19,
                "total_orders": 32,
                "total_revenue": 6002.0,
                "avg_order_price": 187.5625
            },
            {
                "order_month": "2023-10",
                "order_hour": 20,
                "total_orders": 5,
                "total_revenue": 91.5,
                "avg_order_price": 18.3
            },
            {
                "order_month": "2023-10",
                "order_hour": 21,
                "total_orders": 4,
                "total_revenue": 75.1,
                "avg_order_price": 18.775
            },
            {
                "order_month": "2023-10",
                "order_hour": 22,
                "total_orders": 1,
                "total_revenue": 0.0,
                "avg_order_price": 0.0
            },
            {
                "order_month": "2023-11",
                "order_hour": 8,
                "total_orders": 4,
                "total_revenue": 111.2,
                "avg_order_price": 27.8
            },
            {
                "order_month": "2023-11",
                "order_hour": 9,
                "total_orders": 110,
                "total_revenue": 3954.3,
                "avg_order_price": 35.94818181818182
            },
            {
                "order_month": "2023-11",
                "order_hour": 10,
                "total_orders": 174,
                "total_revenue": 6759.8,
                "avg_order_price": 38.849425287356325
            },
            {
                "order_month": "2023-11",
                "order_hour": 11,
                "total_orders": 169,
                "total_revenue": 7920.3,
                "avg_order_price": 46.865680473372784
            },
            {
                "order_month": "2023-11",
                "order_hour": 12,
                "total_orders": 263,
                "total_revenue": 11943.0,
                "avg_order_price": 45.4106463878327
            },
            {
                "order_month": "2023-11",
                "order_hour": 13,
                "total_orders": 345,
                "total_revenue": 16141.38,
                "avg_order_price": 46.78660869565217
            },
            {
                "order_month": "2023-11",
                "order_hour": 14,
                "total_orders": 449,
                "total_revenue": 24177.8,
                "avg_order_price": 53.84810690423162
            },
            {
                "order_month": "2023-11",
                "order_hour": 15,
                "total_orders": 467,
                "total_revenue": 20373.15,
                "avg_order_price": 43.62558886509636
            },
            {
                "order_month": "2023-11",
                "order_hour": 16,
                "total_orders": 361,
                "total_revenue": 16203.8,
                "avg_order_price": 44.885872576177285
            },
            {
                "order_month": "2023-11",
                "order_hour": 17,
                "total_orders": 144,
                "total_revenue": 6230.8,
                "avg_order_price": 43.269444444444446
            },
            {
                "order_month": "2023-11",
                "order_hour": 18,
                "total_orders": 72,
                "total_revenue": 4180.2,
                "avg_order_price": 58.05833333333333
            },
            {
                "order_month": "2023-11",
                "order_hour": 19,
                "total_orders": 42,
                "total_revenue": 2802.75,
                "avg_order_price": 66.73214285714286
            },
            {
                "order_month": "2023-11",
                "order_hour": 20,
                "total_orders": 30,
                "total_revenue": 1010.0,
                "avg_order_price": 33.666666666666664
            },
            {
                "order_month": "2023-11",
                "order_hour": 21,
                "total_orders": 2,
                "total_revenue": 0.0,
                "avg_order_price": 0.0
            },
            {
                "order_month": "2023-11",
                "order_hour": 22,
                "total_orders": 1,
                "total_revenue": 408.0,
                "avg_order_price": 408.0
            },
            {
                "order_month": "2023-11",
                "order_hour": 23,
                "total_orders": 1,
                "total_revenue": 0.0,
                "avg_order_price": 0.0
            },
            {
                "order_month": "2023-12",
                "order_hour": 8,
                "total_orders": 4,
                "total_revenue": 358.0,
                "avg_order_price": 89.5
            },
            {
                "order_month": "2023-12",
                "order_hour": 9,
                "total_orders": 107,
                "total_revenue": 3653.7,
                "avg_order_price": 34.14672897196262
            },
            {
                "order_month": "2023-12",
                "order_hour": 10,
                "total_orders": 112,
                "total_revenue": 4680.4,
                "avg_order_price": 41.78928571428571
            },
            {
                "order_month": "2023-12",
                "order_hour": 11,
                "total_orders": 110,
                "total_revenue": 4536.52,
                "avg_order_price": 41.241090909090914
            },
            {
                "order_month": "2023-12",
                "order_hour": 12,
                "total_orders": 152,
                "total_revenue": 7146.76,
                "avg_order_price": 47.018157894736845
            },
            {
                "order_month": "2023-12",
                "order_hour": 13,
                "total_orders": 236,
                "total_revenue": 11148.09,
                "avg_order_price": 47.23766949152542
            },
            {
                "order_month": "2023-12",
                "order_hour": 14,
                "total_orders": 324,
                "total_revenue": 15014.7,
                "avg_order_price": 46.34166666666667
            },
            {
                "order_month": "2023-12",
                "order_hour": 15,
                "total_orders": 411,
                "total_revenue": 18960.7,
                "avg_order_price": 46.133090024330905
            },
            {
                "order_month": "2023-12",
                "order_hour": 16,
                "total_orders": 335,
                "total_revenue": 15839.45,
                "avg_order_price": 47.281940298507465
            },
            {
                "order_month": "2023-12",
                "order_hour": 17,
                "total_orders": 186,
                "total_revenue": 9203.7,
                "avg_order_price": 49.48225806451613
            },
            {
                "order_month": "2023-12",
                "order_hour": 18,
                "total_orders": 110,
                "total_revenue": 6031.8,
                "avg_order_price": 54.834545454545456
            },
            {
                "order_month": "2023-12",
                "order_hour": 19,
                "total_orders": 95,
                "total_revenue": 4244.6,
                "avg_order_price": 44.68000000000001
            },
            {
                "order_month": "2023-12",
                "order_hour": 20,
                "total_orders": 44,
                "total_revenue": 1013.8,
                "avg_order_price": 23.04090909090909
            },
            {
                "order_month": "2023-12",
                "order_hour": 21,
                "total_orders": 8,
                "total_revenue": 131.75,
                "avg_order_price": 16.46875
            },
            {
                "order_month": "2024-01",
                "order_hour": 8,
                "total_orders": 6,
                "total_revenue": 372.0,
                "avg_order_price": 62.0
            },
            {
                "order_month": "2024-01",
                "order_hour": 9,
                "total_orders": 75,
                "total_revenue": 3117.2,
                "avg_order_price": 41.562666666666665
            },
            {
                "order_month": "2024-01",
                "order_hour": 10,
                "total_orders": 92,
                "total_revenue": 3238.71,
                "avg_order_price": 35.20336956521739
            },
            {
                "order_month": "2024-01",
                "order_hour": 11,
                "total_orders": 76,
                "total_revenue": 2837.73,
                "avg_order_price": 37.33855263157895
            },
            {
                "order_month": "2024-01",
                "order_hour": 12,
                "total_orders": 151,
                "total_revenue": 10026.12,
                "avg_order_price": 66.39814569536425
            },
            {
                "order_month": "2024-01",
                "order_hour": 13,
                "total_orders": 201,
                "total_revenue": 8272.34,
                "avg_order_price": 41.155920398009954
            },
            {
                "order_month": "2024-01",
                "order_hour": 14,
                "total_orders": 263,
                "total_revenue": 16236.42,
                "avg_order_price": 61.735437262357415
            },
            {
                "order_month": "2024-01",
                "order_hour": 15,
                "total_orders": 300,
                "total_revenue": 13144.08,
                "avg_order_price": 43.8136
            },
            {
                "order_month": "2024-01",
                "order_hour": 16,
                "total_orders": 231,
                "total_revenue": 11404.64,
                "avg_order_price": 49.370735930735925
            },
            {
                "order_month": "2024-01",
                "order_hour": 17,
                "total_orders": 90,
                "total_revenue": 4838.64,
                "avg_order_price": 53.76266666666667
            },
            {
                "order_month": "2024-01",
                "order_hour": 18,
                "total_orders": 53,
                "total_revenue": 7853.52,
                "avg_order_price": 148.17962264150944
            },
            {
                "order_month": "2024-01",
                "order_hour": 19,
                "total_orders": 33,
                "total_revenue": 3734.8,
                "avg_order_price": 113.17575757575759
            },
            {
                "order_month": "2024-01",
                "order_hour": 20,
                "total_orders": 18,
                "total_revenue": 678.5,
                "avg_order_price": 37.69444444444444
            },
            {
                "order_month": "2024-01",
                "order_hour": 21,
                "total_orders": 5,
                "total_revenue": 214.0,
                "avg_order_price": 42.8
            },
            {
                "order_month": "2024-01",
                "order_hour": 22,
                "total_orders": 3,
                "total_revenue": 207.0,
                "avg_order_price": 69.0
            },
            {
                "order_month": "2024-02",
                "order_hour": 7,
                "total_orders": 1,
                "total_revenue": 86.0,
                "avg_order_price": 86.0
            },
            {
                "order_month": "2024-02",
                "order_hour": 9,
                "total_orders": 20,
                "total_revenue": 535.3199999999999,
                "avg_order_price": 26.766
            },
            {
                "order_month": "2024-02",
                "order_hour": 10,
                "total_orders": 76,
                "total_revenue": 3877.24,
                "avg_order_price": 51.01631578947368
            },
            {
                "order_month": "2024-02",
                "order_hour": 11,
                "total_orders": 75,
                "total_revenue": 2308.16,
                "avg_order_price": 30.775466666666663
            },
            {
                "order_month": "2024-02",
                "order_hour": 12,
                "total_orders": 89,
                "total_revenue": 4001.04,
                "avg_order_price": 44.95550561797753
            },
            {
                "order_month": "2024-02",
                "order_hour": 13,
                "total_orders": 167,
                "total_revenue": 7029.32,
                "avg_order_price": 42.09173652694611
            },
            {
                "order_month": "2024-02",
                "order_hour": 14,
                "total_orders": 224,
                "total_revenue": 9987.64,
                "avg_order_price": 44.58767857142857
            },
            {
                "order_month": "2024-02",
                "order_hour": 15,
                "total_orders": 200,
                "total_revenue": 10980.32,
                "avg_order_price": 54.9016
            },
            {
                "order_month": "2024-02",
                "order_hour": 16,
                "total_orders": 155,
                "total_revenue": 7907.84,
                "avg_order_price": 51.01832258064516
            },
            {
                "order_month": "2024-02",
                "order_hour": 17,
                "total_orders": 77,
                "total_revenue": 3445.84,
                "avg_order_price": 44.75116883116883
            },
            {
                "order_month": "2024-02",
                "order_hour": 18,
                "total_orders": 26,
                "total_revenue": 809.04,
                "avg_order_price": 31.116923076923076
            },
            {
                "order_month": "2024-02",
                "order_hour": 19,
                "total_orders": 6,
                "total_revenue": 572.64,
                "avg_order_price": 95.44
            },
            {
                "order_month": "2024-02",
                "order_hour": 20,
                "total_orders": 3,
                "total_revenue": -76.0,
                "avg_order_price": -25.333333333333332
            },
            {
                "order_month": "2024-02",
                "order_hour": 21,
                "total_orders": 1,
                "total_revenue": 68.0,
                "avg_order_price": 68.0
            },
            {
                "order_month": "2024-03",
                "order_hour": 8,
                "total_orders": 7,
                "total_revenue": 150.0,
                "avg_order_price": 21.428571428571427
            },
            {
                "order_month": "2024-03",
                "order_hour": 9,
                "total_orders": 88,
                "total_revenue": 4190.48,
                "avg_order_price": 47.61909090909091
            },
            {
                "order_month": "2024-03",
                "order_hour": 10,
                "total_orders": 139,
                "total_revenue": 5842.96,
                "avg_order_price": 42.03568345323741
            },
            {
                "order_month": "2024-03",
                "order_hour": 11,
                "total_orders": 126,
                "total_revenue": 9745.7,
                "avg_order_price": 77.34682539682541
            },
            {
                "order_month": "2024-03",
                "order_hour": 12,
                "total_orders": 226,
                "total_revenue": 11025.52,
                "avg_order_price": 48.785486725663716
            },
            {
                "order_month": "2024-03",
                "order_hour": 13,
                "total_orders": 307,
                "total_revenue": 16158.12,
                "avg_order_price": 52.63231270358307
            },
            {
                "order_month": "2024-03",
                "order_hour": 14,
                "total_orders": 442,
                "total_revenue": 64004.899999999994,
                "avg_order_price": 144.80746606334841
            },
            {
                "order_month": "2024-03",
                "order_hour": 15,
                "total_orders": 453,
                "total_revenue": 24958.84,
                "avg_order_price": 55.0967770419426
            },
            {
                "order_month": "2024-03",
                "order_hour": 16,
                "total_orders": 364,
                "total_revenue": 20954.2,
                "avg_order_price": 57.566483516483515
            },
            {
                "order_month": "2024-03",
                "order_hour": 17,
                "total_orders": 201,
                "total_revenue": 23887.079999999998,
                "avg_order_price": 118.84119402985074
            },
            {
                "order_month": "2024-03",
                "order_hour": 18,
                "total_orders": 69,
                "total_revenue": 4404.4400000000005,
                "avg_order_price": 63.83246376811595
            },
            {
                "order_month": "2024-03",
                "order_hour": 19,
                "total_orders": 35,
                "total_revenue": 1550.88,
                "avg_order_price": 44.310857142857145
            },
            {
                "order_month": "2024-03",
                "order_hour": 20,
                "total_orders": 5,
                "total_revenue": -68.0,
                "avg_order_price": -13.6
            },
            {
                "order_month": "2024-03",
                "order_hour": 21,
                "total_orders": 2,
                "total_revenue": 380.0,
                "avg_order_price": 190.0
            },
            {
                "order_month": "2024-03",
                "order_hour": 22,
                "total_orders": 3,
                "total_revenue": 33.44,
                "avg_order_price": 11.146666666666667
            },
            {
                "order_month": "2024-04",
                "order_hour": 8,
                "total_orders": 9,
                "total_revenue": 229.0,
                "avg_order_price": 25.444444444444443
            },
            {
                "order_month": "2024-04",
                "order_hour": 9,
                "total_orders": 108,
                "total_revenue": 4500.84,
                "avg_order_price": 41.67444444444445
            },
            {
                "order_month": "2024-04",
                "order_hour": 10,
                "total_orders": 132,
                "total_revenue": 6502.96,
                "avg_order_price": 49.264848484848486
            },
            {
                "order_month": "2024-04",
                "order_hour": 11,
                "total_orders": 124,
                "total_revenue": 5302.98,
                "avg_order_price": 42.765967741935484
            },
            {
                "order_month": "2024-04",
                "order_hour": 12,
                "total_orders": 193,
                "total_revenue": 9039.96,
                "avg_order_price": 46.839170984455954
            },
            {
                "order_month": "2024-04",
                "order_hour": 13,
                "total_orders": 279,
                "total_revenue": 14684.62,
                "avg_order_price": 52.63304659498208
            },
            {
                "order_month": "2024-04",
                "order_hour": 14,
                "total_orders": 359,
                "total_revenue": 19446.7,
                "avg_order_price": 54.169080779944295
            },
            {
                "order_month": "2024-04",
                "order_hour": 15,
                "total_orders": 365,
                "total_revenue": 22395.19,
                "avg_order_price": 61.35668493150685
            },
            {
                "order_month": "2024-04",
                "order_hour": 16,
                "total_orders": 342,
                "total_revenue": 18043.92,
                "avg_order_price": 52.76
            },
            {
                "order_month": "2024-04",
                "order_hour": 17,
                "total_orders": 155,
                "total_revenue": 8086.84,
                "avg_order_price": 52.17316129032258
            },
            {
                "order_month": "2024-04",
                "order_hour": 18,
                "total_orders": 65,
                "total_revenue": 2872.36,
                "avg_order_price": 44.19015384615385
            },
            {
                "order_month": "2024-04",
                "order_hour": 19,
                "total_orders": 28,
                "total_revenue": 813.0,
                "avg_order_price": 29.035714285714285
            },
            {
                "order_month": "2024-04",
                "order_hour": 20,
                "total_orders": 8,
                "total_revenue": 2582.24,
                "avg_order_price": 322.78
            },
            {
                "order_month": "2024-04",
                "order_hour": 21,
                "total_orders": 4,
                "total_revenue": 4515.0,
                "avg_order_price": 1128.75
            },
            {
                "order_month": "2024-04",
                "order_hour": 22,
                "total_orders": 1,
                "total_revenue": 0.0,
                "avg_order_price": 0.0
            },
            {
                "order_month": "2024-04",
                "order_hour": 23,
                "total_orders": 1,
                "total_revenue": 0.0,
                "avg_order_price": 0.0
            },
            {
                "order_month": "2024-05",
                "order_hour": 8,
                "total_orders": 12,
                "total_revenue": 5798.48,
                "avg_order_price": 483.20666666666665
            },
            {
                "order_month": "2024-05",
                "order_hour": 9,
                "total_orders": 146,
                "total_revenue": 6061.13,
                "avg_order_price": 41.51458904109589
            },
            {
                "order_month": "2024-05",
                "order_hour": 10,
                "total_orders": 186,
                "total_revenue": 8263.96,
                "avg_order_price": 44.42989247311827
            },
            {
                "order_month": "2024-05",
                "order_hour": 11,
                "total_orders": 167,
                "total_revenue": 8007.39,
                "avg_order_price": 47.948443113772456
            },
            {
                "order_month": "2024-05",
                "order_hour": 12,
                "total_orders": 279,
                "total_revenue": 14748.1,
                "avg_order_price": 52.86057347670251
            },
            {
                "order_month": "2024-05",
                "order_hour": 13,
                "total_orders": 339,
                "total_revenue": 20530.08,
                "avg_order_price": 60.560707964601775
            },
            {
                "order_month": "2024-05",
                "order_hour": 14,
                "total_orders": 398,
                "total_revenue": 22219.35,
                "avg_order_price": 55.827512562814064
            },
            {
                "order_month": "2024-05",
                "order_hour": 15,
                "total_orders": 457,
                "total_revenue": 27952.72,
                "avg_order_price": 61.16568927789935
            },
            {
                "order_month": "2024-05",
                "order_hour": 16,
                "total_orders": 363,
                "total_revenue": 19717.24,
                "avg_order_price": 54.3174655647383
            },
            {
                "order_month": "2024-05",
                "order_hour": 17,
                "total_orders": 228,
                "total_revenue": 12238.539999999999,
                "avg_order_price": 53.677807017543856
            },
            {
                "order_month": "2024-05",
                "order_hour": 18,
                "total_orders": 90,
                "total_revenue": 3208.88,
                "avg_order_price": 35.654222222222224
            },
            {
                "order_month": "2024-05",
                "order_hour": 19,
                "total_orders": 45,
                "total_revenue": 1983.6,
                "avg_order_price": 44.08
            },
            {
                "order_month": "2024-05",
                "order_hour": 20,
                "total_orders": 12,
                "total_revenue": 750.0,
                "avg_order_price": 62.5
            },
            {
                "order_month": "2024-05",
                "order_hour": 22,
                "total_orders": 2,
                "total_revenue": 0.0,
                "avg_order_price": 0.0
            },
            {
                "order_month": "2024-06",
                "order_hour": 8,
                "total_orders": 5,
                "total_revenue": 298.0,
                "avg_order_price": 59.6
            },
            {
                "order_month": "2024-06",
                "order_hour": 9,
                "total_orders": 150,
                "total_revenue": 6062.96,
                "avg_order_price": 40.41973333333333
            },
            {
                "order_month": "2024-06",
                "order_hour": 10,
                "total_orders": 175,
                "total_revenue": 9663.98,
                "avg_order_price": 55.222742857142855
            },
            {
                "order_month": "2024-06",
                "order_hour": 11,
                "total_orders": 159,
                "total_revenue": 8810.3,
                "avg_order_price": 55.41069182389937
            },
            {
                "order_month": "2024-06",
                "order_hour": 12,
                "total_orders": 194,
                "total_revenue": 9872.76,
                "avg_order_price": 50.890515463917524
            },
            {
                "order_month": "2024-06",
                "order_hour": 13,
                "total_orders": 300,
                "total_revenue": 15962.18,
                "avg_order_price": 53.20726666666667
            },
            {
                "order_month": "2024-06",
                "order_hour": 14,
                "total_orders": 380,
                "total_revenue": 20231.28,
                "avg_order_price": 53.240210526315785
            },
            {
                "order_month": "2024-06",
                "order_hour": 15,
                "total_orders": 410,
                "total_revenue": 28737.68,
                "avg_order_price": 70.0919024390244
            },
            {
                "order_month": "2024-06",
                "order_hour": 16,
                "total_orders": 345,
                "total_revenue": 21550.08,
                "avg_order_price": 62.464000000000006
            },
            {
                "order_month": "2024-06",
                "order_hour": 17,
                "total_orders": 245,
                "total_revenue": 13675.68,
                "avg_order_price": 55.819102040816325
            },
            {
                "order_month": "2024-06",
                "order_hour": 18,
                "total_orders": 113,
                "total_revenue": 14271.039999999999,
                "avg_order_price": 126.29238938053096
            },
            {
                "order_month": "2024-06",
                "order_hour": 19,
                "total_orders": 41,
                "total_revenue": 1468.68,
                "avg_order_price": 35.821463414634145
            },
            {
                "order_month": "2024-06",
                "order_hour": 20,
                "total_orders": 7,
                "total_revenue": 222.0,
                "avg_order_price": 31.714285714285715
            },
            {
                "order_month": "2024-06",
                "order_hour": 21,
                "total_orders": 1,
                "total_revenue": 105.6,
                "avg_order_price": 105.6
            },
            {
                "order_month": "2024-06",
                "order_hour": 22,
                "total_orders": 1,
                "total_revenue": 420.0,
                "avg_order_price": 420.0
            },
            {
                "order_month": "2024-07",
                "order_hour": 2,
                "total_orders": 1,
                "total_revenue": 88.0,
                "avg_order_price": 88.0
            },
            {
                "order_month": "2024-07",
                "order_hour": 4,
                "total_orders": 1,
                "total_revenue": 193.0,
                "avg_order_price": 193.0
            },
            {
                "order_month": "2024-07",
                "order_hour": 6,
                "total_orders": 1,
                "total_revenue": 134.0,
                "avg_order_price": 134.0
            },
            {
                "order_month": "2024-07",
                "order_hour": 8,
                "total_orders": 9,
                "total_revenue": 536.0,
                "avg_order_price": 59.55555555555556
            },
            {
                "order_month": "2024-07",
                "order_hour": 9,
                "total_orders": 143,
                "total_revenue": 6027.28,
                "avg_order_price": 42.14881118881119
            },
            {
                "order_month": "2024-07",
                "order_hour": 10,
                "total_orders": 176,
                "total_revenue": 9517.4,
                "avg_order_price": 54.07613636363636
            },
            {
                "order_month": "2024-07",
                "order_hour": 11,
                "total_orders": 128,
                "total_revenue": 6341.24,
                "avg_order_price": 49.5409375
            },
            {
                "order_month": "2024-07",
                "order_hour": 12,
                "total_orders": 192,
                "total_revenue": 10294.24,
                "avg_order_price": 53.615833333333335
            },
            {
                "order_month": "2024-07",
                "order_hour": 13,
                "total_orders": 276,
                "total_revenue": 16261.44,
                "avg_order_price": 58.918260869565216
            },
            {
                "order_month": "2024-07",
                "order_hour": 14,
                "total_orders": 374,
                "total_revenue": 19565.2,
                "avg_order_price": 52.31336898395722
            },
            {
                "order_month": "2024-07",
                "order_hour": 15,
                "total_orders": 340,
                "total_revenue": 18115.25,
                "avg_order_price": 53.28014705882353
            },
            {
                "order_month": "2024-07",
                "order_hour": 16,
                "total_orders": 294,
                "total_revenue": 19728.84,
                "avg_order_price": 67.10489795918367
            },
            {
                "order_month": "2024-07",
                "order_hour": 17,
                "total_orders": 217,
                "total_revenue": 12247.44,
                "avg_order_price": 56.43981566820277
            },
            {
                "order_month": "2024-07",
                "order_hour": 18,
                "total_orders": 136,
                "total_revenue": 6897.6,
                "avg_order_price": 50.71764705882353
            },
            {
                "order_month": "2024-07",
                "order_hour": 19,
                "total_orders": 40,
                "total_revenue": 1870.0,
                "avg_order_price": 46.75
            },
            {
                "order_month": "2024-07",
                "order_hour": 20,
                "total_orders": 11,
                "total_revenue": 1503.1599999999999,
                "avg_order_price": 136.65090909090907
            },
            {
                "order_month": "2024-07",
                "order_hour": 23,
                "total_orders": 2,
                "total_revenue": 133.76,
                "avg_order_price": 66.88
            },
            {
                "order_month": "2024-08",
                "order_hour": 7,
                "total_orders": 4,
                "total_revenue": 493.0,
                "avg_order_price": 123.25
            },
            {
                "order_month": "2024-08",
                "order_hour": 8,
                "total_orders": 8,
                "total_revenue": 264.0,
                "avg_order_price": 33.0
            },
            {
                "order_month": "2024-08",
                "order_hour": 9,
                "total_orders": 161,
                "total_revenue": 6374.24,
                "avg_order_price": 39.591552795031056
            },
            {
                "order_month": "2024-08",
                "order_hour": 10,
                "total_orders": 175,
                "total_revenue": 8369.98,
                "avg_order_price": 47.82845714285714
            },
            {
                "order_month": "2024-08",
                "order_hour": 11,
                "total_orders": 148,
                "total_revenue": 8915.65,
                "avg_order_price": 60.240878378378376
            },
            {
                "order_month": "2024-08",
                "order_hour": 12,
                "total_orders": 183,
                "total_revenue": 8895.99,
                "avg_order_price": 48.61196721311475
            },
            {
                "order_month": "2024-08",
                "order_hour": 13,
                "total_orders": 252,
                "total_revenue": 11320.5,
                "avg_order_price": 44.92261904761905
            },
            {
                "order_month": "2024-08",
                "order_hour": 14,
                "total_orders": 306,
                "total_revenue": 17043.46,
                "avg_order_price": 55.6975816993464
            },
            {
                "order_month": "2024-08",
                "order_hour": 15,
                "total_orders": 344,
                "total_revenue": 18531.84,
                "avg_order_price": 53.87162790697675
            },
            {
                "order_month": "2024-08",
                "order_hour": 16,
                "total_orders": 308,
                "total_revenue": 16086.88,
                "avg_order_price": 52.230129870129865
            },
            {
                "order_month": "2024-08",
                "order_hour": 17,
                "total_orders": 223,
                "total_revenue": 13602.44,
                "avg_order_price": 60.99748878923767
            },
            {
                "order_month": "2024-08",
                "order_hour": 18,
                "total_orders": 110,
                "total_revenue": 7415.44,
                "avg_order_price": 67.41309090909091
            },
            {
                "order_month": "2024-08",
                "order_hour": 19,
                "total_orders": 47,
                "total_revenue": 4015.08,
                "avg_order_price": 85.4272340425532
            },
            {
                "order_month": "2024-08",
                "order_hour": 20,
                "total_orders": 18,
                "total_revenue": 333.32,
                "avg_order_price": 18.517777777777777
            },
            {
                "order_month": "2024-08",
                "order_hour": 21,
                "total_orders": 3,
                "total_revenue": 0.0,
                "avg_order_price": 0.0
            },
            {
                "order_month": "2024-09",
                "order_hour": 0,
                "total_orders": 1,
                "total_revenue": 73.0,
                "avg_order_price": 73.0
            },
            {
                "order_month": "2024-09",
                "order_hour": 8,
                "total_orders": 11,
                "total_revenue": 598.16,
                "avg_order_price": 54.378181818181815
            },
            {
                "order_month": "2024-09",
                "order_hour": 9,
                "total_orders": 190,
                "total_revenue": 6740.8,
                "avg_order_price": 35.4778947368421
            },
            {
                "order_month": "2024-09",
                "order_hour": 10,
                "total_orders": 204,
                "total_revenue": 9126.91,
                "avg_order_price": 44.73975490196079
            },
            {
                "order_month": "2024-09",
                "order_hour": 11,
                "total_orders": 156,
                "total_revenue": 8392.6,
                "avg_order_price": 53.79871794871795
            },
            {
                "order_month": "2024-09",
                "order_hour": 12,
                "total_orders": 228,
                "total_revenue": 11783.28,
                "avg_order_price": 51.68105263157895
            },
            {
                "order_month": "2024-09",
                "order_hour": 13,
                "total_orders": 309,
                "total_revenue": 15060.52,
                "avg_order_price": 48.739546925566344
            },
            {
                "order_month": "2024-09",
                "order_hour": 14,
                "total_orders": 411,
                "total_revenue": 21842.78,
                "avg_order_price": 53.1454501216545
            },
            {
                "order_month": "2024-09",
                "order_hour": 15,
                "total_orders": 371,
                "total_revenue": 21103.8,
                "avg_order_price": 56.88355795148248
            },
            {
                "order_month": "2024-09",
                "order_hour": 16,
                "total_orders": 332,
                "total_revenue": 16809.4,
                "avg_order_price": 50.63072289156627
            },
            {
                "order_month": "2024-09",
                "order_hour": 17,
                "total_orders": 189,
                "total_revenue": 9301.84,
                "avg_order_price": 49.216084656084654
            },
            {
                "order_month": "2024-09",
                "order_hour": 18,
                "total_orders": 76,
                "total_revenue": 2935.64,
                "avg_order_price": 38.62684210526316
            },
            {
                "order_month": "2024-09",
                "order_hour": 19,
                "total_orders": 30,
                "total_revenue": 3155.6,
                "avg_order_price": 105.18666666666667
            },
            {
                "order_month": "2024-09",
                "order_hour": 20,
                "total_orders": 19,
                "total_revenue": 920.0,
                "avg_order_price": 48.421052631578945
            },
            {
                "order_month": "2024-09",
                "order_hour": 21,
                "total_orders": 1,
                "total_revenue": 0.0,
                "avg_order_price": 0.0
            },
            {
                "order_month": "2024-10",
                "order_hour": 0,
                "total_orders": 1,
                "total_revenue": 313.0,
                "avg_order_price": 313.0
            },
            {
                "order_month": "2024-10",
                "order_hour": 3,
                "total_orders": 1,
                "total_revenue": 73.0,
                "avg_order_price": 73.0
            },
            {
                "order_month": "2024-10",
                "order_hour": 8,
                "total_orders": 22,
                "total_revenue": 333.0,
                "avg_order_price": 15.136363636363637
            },
            {
                "order_month": "2024-10",
                "order_hour": 9,
                "total_orders": 203,
                "total_revenue": 11366.43,
                "avg_order_price": 55.992266009852216
            },
            {
                "order_month": "2024-10",
                "order_hour": 10,
                "total_orders": 213,
                "total_revenue": 9908.64,
                "avg_order_price": 46.519436619718306
            },
            {
                "order_month": "2024-10",
                "order_hour": 11,
                "total_orders": 197,
                "total_revenue": 10464.26,
                "avg_order_price": 53.11807106598985
            },
            {
                "order_month": "2024-10",
                "order_hour": 12,
                "total_orders": 290,
                "total_revenue": 14522.93,
                "avg_order_price": 50.079068965517244
            },
            {
                "order_month": "2024-10",
                "order_hour": 13,
                "total_orders": 354,
                "total_revenue": 17711.08,
                "avg_order_price": 50.03129943502825
            },
            {
                "order_month": "2024-10",
                "order_hour": 14,
                "total_orders": 513,
                "total_revenue": 29273.12,
                "avg_order_price": 57.06261208576998
            },
            {
                "order_month": "2024-10",
                "order_hour": 15,
                "total_orders": 479,
                "total_revenue": 26898.56,
                "avg_order_price": 56.15565762004176
            },
            {
                "order_month": "2024-10",
                "order_hour": 16,
                "total_orders": 358,
                "total_revenue": 19031.36,
                "avg_order_price": 53.16022346368715
            },
            {
                "order_month": "2024-10",
                "order_hour": 17,
                "total_orders": 204,
                "total_revenue": 9906.8,
                "avg_order_price": 48.562745098039215
            },
            {
                "order_month": "2024-10",
                "order_hour": 18,
                "total_orders": 97,
                "total_revenue": 3927.2,
                "avg_order_price": 40.48659793814433
            },
            {
                "order_month": "2024-10",
                "order_hour": 19,
                "total_orders": 52,
                "total_revenue": 1917.0,
                "avg_order_price": 36.86538461538461
            },
            {
                "order_month": "2024-10",
                "order_hour": 20,
                "total_orders": 6,
                "total_revenue": 132.0,
                "avg_order_price": 22.0
            },
            {
                "order_month": "2024-10",
                "order_hour": 21,
                "total_orders": 1,
                "total_revenue": 2500.0,
                "avg_order_price": 2500.0
            },
            {
                "order_month": "2024-11",
                "order_hour": 0,
                "total_orders": 1,
                "total_revenue": 40.0,
                "avg_order_price": 40.0
            },
            {
                "order_month": "2024-11",
                "order_hour": 8,
                "total_orders": 26,
                "total_revenue": 112.0,
                "avg_order_price": 4.3076923076923075
            },
            {
                "order_month": "2024-11",
                "order_hour": 9,
                "total_orders": 161,
                "total_revenue": 13225.24,
                "avg_order_price": 82.14434782608696
            },
            {
                "order_month": "2024-11",
                "order_hour": 10,
                "total_orders": 179,
                "total_revenue": 6519.32,
                "avg_order_price": 36.420782122905024
            },
            {
                "order_month": "2024-11",
                "order_hour": 11,
                "total_orders": 172,
                "total_revenue": 9296.2,
                "avg_order_price": 54.04767441860466
            },
            {
                "order_month": "2024-11",
                "order_hour": 12,
                "total_orders": 271,
                "total_revenue": 11458.12,
                "avg_order_price": 42.28088560885609
            },
            {
                "order_month": "2024-11",
                "order_hour": 13,
                "total_orders": 373,
                "total_revenue": 17527.8,
                "avg_order_price": 46.991420911528145
            },
            {
                "order_month": "2024-11",
                "order_hour": 14,
                "total_orders": 465,
                "total_revenue": 24593.12,
                "avg_order_price": 52.88843010752688
            },
            {
                "order_month": "2024-11",
                "order_hour": 15,
                "total_orders": 478,
                "total_revenue": 24213.63,
                "avg_order_price": 50.656129707112974
            },
            {
                "order_month": "2024-11",
                "order_hour": 16,
                "total_orders": 385,
                "total_revenue": 20385.46,
                "avg_order_price": 52.949246753246754
            },
            {
                "order_month": "2024-11",
                "order_hour": 17,
                "total_orders": 193,
                "total_revenue": 9460.56,
                "avg_order_price": 49.01844559585492
            },
            {
                "order_month": "2024-11",
                "order_hour": 18,
                "total_orders": 94,
                "total_revenue": 7873.48,
                "avg_order_price": 83.76042553191489
            },
            {
                "order_month": "2024-11",
                "order_hour": 19,
                "total_orders": 60,
                "total_revenue": 2543.0,
                "avg_order_price": 42.38333333333333
            },
            {
                "order_month": "2024-11",
                "order_hour": 20,
                "total_orders": 14,
                "total_revenue": 5615.0,
                "avg_order_price": 401.07142857142856
            },
            {
                "order_month": "2024-11",
                "order_hour": 21,
                "total_orders": 1,
                "total_revenue": 4200.0,
                "avg_order_price": 4200.0
            },
            {
                "order_month": "2024-12",
                "order_hour": 1,
                "total_orders": 1,
                "total_revenue": 75.0,
                "avg_order_price": 75.0
            },
            {
                "order_month": "2024-12",
                "order_hour": 8,
                "total_orders": 11,
                "total_revenue": 500.0,
                "avg_order_price": 45.45454545454545
            },
            {
                "order_month": "2024-12",
                "order_hour": 9,
                "total_orders": 127,
                "total_revenue": 8655.64,
                "avg_order_price": 68.15464566929134
            },
            {
                "order_month": "2024-12",
                "order_hour": 10,
                "total_orders": 226,
                "total_revenue": 9245.55,
                "avg_order_price": 40.90951327433628
            },
            {
                "order_month": "2024-12",
                "order_hour": 11,
                "total_orders": 172,
                "total_revenue": 8248.37,
                "avg_order_price": 47.95563953488372
            },
            {
                "order_month": "2024-12",
                "order_hour": 12,
                "total_orders": 290,
                "total_revenue": 13702.61,
                "avg_order_price": 47.25037931034483
            },
            {
                "order_month": "2024-12",
                "order_hour": 13,
                "total_orders": 333,
                "total_revenue": 20143.6,
                "avg_order_price": 60.49129129129129
            },
            {
                "order_month": "2024-12",
                "order_hour": 14,
                "total_orders": 435,
                "total_revenue": 24271.08,
                "avg_order_price": 55.79558620689656
            },
            {
                "order_month": "2024-12",
                "order_hour": 15,
                "total_orders": 449,
                "total_revenue": 29547.66,
                "avg_order_price": 65.80770601336303
            },
            {
                "order_month": "2024-12",
                "order_hour": 16,
                "total_orders": 356,
                "total_revenue": 23455.58,
                "avg_order_price": 65.8864606741573
            },
            {
                "order_month": "2024-12",
                "order_hour": 17,
                "total_orders": 246,
                "total_revenue": 15905.03,
                "avg_order_price": 64.65459349593496
            },
            {
                "order_month": "2024-12",
                "order_hour": 18,
                "total_orders": 156,
                "total_revenue": 8778.62,
                "avg_order_price": 56.273205128205134
            },
            {
                "order_month": "2024-12",
                "order_hour": 19,
                "total_orders": 81,
                "total_revenue": 3689.08,
                "avg_order_price": 45.544197530864196
            },
            {
                "order_month": "2024-12",
                "order_hour": 20,
                "total_orders": 14,
                "total_revenue": 1412.0,
                "avg_order_price": 100.85714285714286
            },
            {
                "order_month": "2024-12",
                "order_hour": 21,
                "total_orders": 5,
                "total_revenue": 98.4,
                "avg_order_price": 19.68
            }
        ]
    },
    "order": {
        "2- 订单来源分析": [
            {
                "order_month": "2023-09",
                "订单来源": "手机点单",
                "total_orders": 18,
                "total_revenue": 692.0,
                "avg_order_price": 38.44444444444444
            },
            {
                "order_month": "2023-09",
                "订单来源": "门店点单",
                "total_orders": 490,
                "total_revenue": 21323.6,
                "avg_order_price": 43.51755102040816
            },
            {
                "order_month": "2023-10",
                "订单来源": "手机点单",
                "total_orders": 646,
                "total_revenue": 32408.0,
                "avg_order_price": 50.1671826625387
            },
            {
                "order_month": "2023-10",
                "订单来源": "权益卡",
                "total_orders": 4,
                "total_revenue": 0.4,
                "avg_order_price": 0.1
            },
            {
                "order_month": "2023-10",
                "订单来源": "门店点单",
                "total_orders": 1948,
                "total_revenue": 105599.7,
                "avg_order_price": 54.20929158110883
            },
            {
                "order_month": "2023-11",
                "订单来源": "手机点单",
                "total_orders": 939,
                "total_revenue": 47791.7,
                "avg_order_price": 50.89637912673056
            },
            {
                "order_month": "2023-11",
                "订单来源": "权益卡",
                "total_orders": 3,
                "total_revenue": 3520.0,
                "avg_order_price": 1173.3333333333333
            },
            {
                "order_month": "2023-11",
                "订单来源": "门店点单",
                "total_orders": 1692,
                "total_revenue": 70904.78,
                "avg_order_price": 41.905898345153666
            },
            {
                "order_month": "2023-12",
                "订单来源": "手机点单",
                "total_orders": 1230,
                "total_revenue": 64757.0,
                "avg_order_price": 52.6479674796748
            },
            {
                "order_month": "2023-12",
                "订单来源": "权益卡",
                "total_orders": 10,
                "total_revenue": 297.7,
                "avg_order_price": 29.77
            },
            {
                "order_month": "2023-12",
                "订单来源": "门店点单",
                "total_orders": 994,
                "total_revenue": 36909.27,
                "avg_order_price": 37.13206237424547
            },
            {
                "order_month": "2024-01",
                "订单来源": "手机点单",
                "total_orders": 815,
                "total_revenue": 43460.56,
                "avg_order_price": 53.325840490797546
            },
            {
                "order_month": "2024-01",
                "订单来源": "权益卡",
                "total_orders": 4,
                "total_revenue": 396.0,
                "avg_order_price": 99.0
            },
            {
                "order_month": "2024-01",
                "订单来源": "门店点单",
                "total_orders": 778,
                "total_revenue": 42319.14,
                "avg_order_price": 54.39478149100257
            },
            {
                "order_month": "2024-02",
                "订单来源": "手机点单",
                "total_orders": 661,
                "total_revenue": 38597.28,
                "avg_order_price": 58.39225416036309
            },
            {
                "order_month": "2024-02",
                "订单来源": "权益卡",
                "total_orders": 1,
                "total_revenue": 99.0,
                "avg_order_price": 99.0
            },
            {
                "order_month": "2024-02",
                "订单来源": "门店点单",
                "total_orders": 458,
                "total_revenue": 12836.12,
                "avg_order_price": 28.026462882096073
            },
            {
                "order_month": "2024-03",
                "订单来源": "手机点单",
                "total_orders": 1727,
                "total_revenue": 100568.24,
                "avg_order_price": 58.232912565141866
            },
            {
                "order_month": "2024-03",
                "订单来源": "权益卡",
                "total_orders": 1,
                "total_revenue": 99.0,
                "avg_order_price": 99.0
            },
            {
                "order_month": "2024-03",
                "订单来源": "美团外卖",
                "total_orders": 10,
                "total_revenue": 232.2,
                "avg_order_price": 23.22
            },
            {
                "order_month": "2024-03",
                "订单来源": "门店点单",
                "total_orders": 725,
                "total_revenue": 86319.12000000001,
                "avg_order_price": 119.06085517241381
            },
            {
                "order_month": "2024-03",
                "订单来源": "饿了么外卖",
                "total_orders": 4,
                "total_revenue": 0.0,
                "avg_order_price": 0.0
            },
            {
                "order_month": "2024-04",
                "订单来源": "手机点单",
                "total_orders": 1515,
                "total_revenue": 87968.8,
                "avg_order_price": 58.06521452145215
            },
            {
                "order_month": "2024-04",
                "订单来源": "权益卡",
                "total_orders": 2,
                "total_revenue": 198.0,
                "avg_order_price": 99.0
            },
            {
                "order_month": "2024-04",
                "订单来源": "美团外卖",
                "total_orders": 7,
                "total_revenue": 161.79,
                "avg_order_price": 23.11285714285714
            },
            {
                "order_month": "2024-04",
                "订单来源": "门店点单",
                "total_orders": 648,
                "total_revenue": 30669.64,
                "avg_order_price": 47.32969135802469
            },
            {
                "order_month": "2024-04",
                "订单来源": "饿了么外卖",
                "total_orders": 1,
                "total_revenue": 17.38,
                "avg_order_price": 17.38
            },
            {
                "order_month": "2024-05",
                "订单来源": "手机点单",
                "total_orders": 1997,
                "total_revenue": 114046.44,
                "avg_order_price": 57.10888332498748
            },
            {
                "order_month": "2024-05",
                "订单来源": "权益卡",
                "total_orders": 2,
                "total_revenue": 198.0,
                "avg_order_price": 99.0
            },
            {
                "order_month": "2024-05",
                "订单来源": "美团外卖",
                "total_orders": 4,
                "total_revenue": 76.38,
                "avg_order_price": 19.095
            },
            {
                "order_month": "2024-05",
                "订单来源": "门店点单",
                "total_orders": 720,
                "total_revenue": 37145.7,
                "avg_order_price": 51.591249999999995
            },
            {
                "order_month": "2024-05",
                "订单来源": "饿了么外卖",
                "total_orders": 1,
                "total_revenue": 12.95,
                "avg_order_price": 12.95
            },
            {
                "order_month": "2024-06",
                "订单来源": "手机点单",
                "total_orders": 1814,
                "total_revenue": 113240.28,
                "avg_order_price": 62.42573318632856
            },
            {
                "order_month": "2024-06",
                "订单来源": "美团外卖",
                "total_orders": 6,
                "total_revenue": 255.58,
                "avg_order_price": 42.59666666666667
            },
            {
                "order_month": "2024-06",
                "订单来源": "门店点单",
                "total_orders": 705,
                "total_revenue": 37832.76,
                "avg_order_price": 53.66348936170213
            },
            {
                "order_month": "2024-06",
                "订单来源": "饿了么外卖",
                "total_orders": 1,
                "total_revenue": 23.6,
                "avg_order_price": 23.6
            },
            {
                "order_month": "2024-07",
                "订单来源": "手机点单",
                "total_orders": 1633,
                "total_revenue": 101979.4,
                "avg_order_price": 62.449112063686464
            },
            {
                "order_month": "2024-07",
                "订单来源": "美团外卖",
                "total_orders": 2,
                "total_revenue": 103.75999999999999,
                "avg_order_price": 51.879999999999995
            },
            {
                "order_month": "2024-07",
                "订单来源": "门店点单",
                "total_orders": 705,
                "total_revenue": 27345.64,
                "avg_order_price": 38.78814184397163
            },
            {
                "order_month": "2024-07",
                "订单来源": "饿了么外卖",
                "total_orders": 1,
                "total_revenue": 25.05,
                "avg_order_price": 25.05
            },
            {
                "order_month": "2024-08",
                "订单来源": "手机点单",
                "total_orders": 1508,
                "total_revenue": 87953.96,
                "avg_order_price": 58.324907161803715
            },
            {
                "order_month": "2024-08",
                "订单来源": "权益卡",
                "total_orders": 2,
                "total_revenue": 0.0,
                "avg_order_price": 0.0
            },
            {
                "order_month": "2024-08",
                "订单来源": "美团外卖",
                "total_orders": 5,
                "total_revenue": 305.0,
                "avg_order_price": 61.0
            },
            {
                "order_month": "2024-08",
                "订单来源": "门店点单",
                "total_orders": 771,
                "total_revenue": 33298.8,
                "avg_order_price": 43.18910505836576
            },
            {
                "order_month": "2024-08",
                "订单来源": "饿了么外卖",
                "total_orders": 4,
                "total_revenue": 104.06,
                "avg_order_price": 26.015
            },
            {
                "order_month": "2024-09",
                "订单来源": "手机点单",
                "total_orders": 1646,
                "total_revenue": 94697.68,
                "avg_order_price": 57.532004860267314
            },
            {
                "order_month": "2024-09",
                "订单来源": "权益卡",
                "total_orders": 1,
                "total_revenue": 99.0,
                "avg_order_price": 99.0
            },
            {
                "order_month": "2024-09",
                "订单来源": "美团外卖",
                "total_orders": 2,
                "total_revenue": 39.3,
                "avg_order_price": 19.65
            },
            {
                "order_month": "2024-09",
                "订单来源": "门店点单",
                "total_orders": 879,
                "total_revenue": 33008.35,
                "avg_order_price": 37.55216154721274
            },
            {
                "order_month": "2024-10",
                "订单来源": "手机点单",
                "total_orders": 2020,
                "total_revenue": 116292.16,
                "avg_order_price": 57.57037623762376
            },
            {
                "order_month": "2024-10",
                "订单来源": "美团外卖",
                "total_orders": 4,
                "total_revenue": 152.3,
                "avg_order_price": 38.075
            },
            {
                "order_month": "2024-10",
                "订单来源": "门店点单",
                "total_orders": 966,
                "total_revenue": 41795.88,
                "avg_order_price": 43.266956521739125
            },
            {
                "order_month": "2024-10",
                "订单来源": "饿了么外卖",
                "total_orders": 1,
                "total_revenue": 38.04,
                "avg_order_price": 38.04
            },
            {
                "order_month": "2024-11",
                "订单来源": "手机点单",
                "total_orders": 1869,
                "total_revenue": 102743.48,
                "avg_order_price": 54.97243445692884
            },
            {
                "order_month": "2024-11",
                "订单来源": "美团外卖",
                "total_orders": 2,
                "total_revenue": 36.449999999999996,
                "avg_order_price": 18.224999999999998
            },
            {
                "order_month": "2024-11",
                "订单来源": "门店点单",
                "total_orders": 1002,
                "total_revenue": 54283.0,
                "avg_order_price": 54.1746506986028
            },
            {
                "order_month": "2024-12",
                "订单来源": "手机点单",
                "total_orders": 1931,
                "total_revenue": 112392.44,
                "avg_order_price": 58.204267219057485
            },
            {
                "order_month": "2024-12",
                "订单来源": "美团外卖",
                "total_orders": 3,
                "total_revenue": 92.92999999999999,
                "avg_order_price": 30.976666666666663
            },
            {
                "order_month": "2024-12",
                "订单来源": "门店点单",
                "total_orders": 968,
                "total_revenue": 55242.85,
                "avg_order_price": 57.06905991735537
            }
        ],
        "2- 支付方式分析": [
            {
                "order_month": "2023-09",
                "支付方式": "微信",
                "total_orders": 240,
                "total_revenue": 11022.4,
                "avg_order_price": 45.92666666666666,
                "discounted_orders_pct": 2.9166666666666665,
                "avg_discount": 0.2025
            },
            {
                "order_month": "2023-09",
                "支付方式": "微信小程序支付",
                "total_orders": 32,
                "total_revenue": 1632.0,
                "avg_order_price": 51.0,
                "discounted_orders_pct": 0.0,
                "avg_discount": 0.0
            },
            {
                "order_month": "2023-09",
                "支付方式": "支付宝",
                "total_orders": 185,
                "total_revenue": 8921.2,
                "avg_order_price": 48.222702702702705,
                "discounted_orders_pct": 8.64864864864865,
                "avg_discount": 0.9340540540540541
            },
            {
                "order_month": "2023-09",
                "支付方式": "现金",
                "total_orders": 51,
                "total_revenue": 440.0,
                "avg_order_price": 8.627450980392156,
                "discounted_orders_pct": 0.0,
                "avg_discount": 0.0
            },
            {
                "order_month": "2023-10",
                "支付方式": "会员卡支付",
                "total_orders": 2,
                "total_revenue": 44.0,
                "avg_order_price": 22.0,
                "discounted_orders_pct": 0.0,
                "avg_discount": 0.0
            },
            {
                "order_month": "2023-10",
                "支付方式": "微信",
                "total_orders": 1075,
                "total_revenue": 68787.3,
                "avg_order_price": 63.98818604651163,
                "discounted_orders_pct": 8.0,
                "avg_discount": 0.7156279069767443
            },
            {
                "order_month": "2023-10",
                "支付方式": "微信小程序支付",
                "total_orders": 648,
                "total_revenue": 32364.4,
                "avg_order_price": 49.94506172839506,
                "discounted_orders_pct": 0.0,
                "avg_discount": 0.0
            },
            {
                "order_month": "2023-10",
                "支付方式": "报损",
                "total_orders": 7,
                "total_revenue": 0.0,
                "avg_order_price": 0.0,
                "discounted_orders_pct": 0.0,
                "avg_discount": 0.0
            },
            {
                "order_month": "2023-10",
                "支付方式": "支付宝",
                "total_orders": 755,
                "total_revenue": 36074.4,
                "avg_order_price": 47.780662251655635,
                "discounted_orders_pct": 7.417218543046358,
                "avg_discount": 0.7870198675496689
            },
            {
                "order_month": "2023-10",
                "支付方式": "现金",
                "total_orders": 111,
                "total_revenue": 738.0,
                "avg_order_price": 6.648648648648648,
                "discounted_orders_pct": 4.504504504504505,
                "avg_discount": 4.2342342342342345
            },
            {
                "order_month": "2023-11",
                "支付方式": "刷卡",
                "total_orders": 4,
                "total_revenue": 0.0,
                "avg_order_price": 0.0,
                "discounted_orders_pct": 0.0,
                "avg_discount": 0.0
            },
            {
                "order_month": "2023-11",
                "支付方式": "微信",
                "total_orders": 734,
                "total_revenue": 33775.75,
                "avg_order_price": 46.01600817438692,
                "discounted_orders_pct": 17.43869209809264,
                "avg_discount": 1.4213215258855585
            },
            {
                "order_month": "2023-11",
                "支付方式": "微信小程序支付",
                "total_orders": 1011,
                "total_revenue": 59720.0,
                "avg_order_price": 59.0702274975272,
                "discounted_orders_pct": 5.539070227497527,
                "avg_discount": 1.5618199802176063
            },
            {
                "order_month": "2023-11",
                "支付方式": "报损",
                "total_orders": 28,
                "total_revenue": 0.0,
                "avg_order_price": 0.0,
                "discounted_orders_pct": 0.0,
                "avg_discount": 0.0
            },
            {
                "order_month": "2023-11",
                "支付方式": "支付宝",
                "total_orders": 583,
                "total_revenue": 27849.73,
                "avg_order_price": 47.769691252144085,
                "discounted_orders_pct": 16.9811320754717,
                "avg_discount": 1.4464322469982847
            },
            {
                "order_month": "2023-11",
                "支付方式": "现金",
                "total_orders": 274,
                "total_revenue": 871.0,
                "avg_order_price": 3.178832116788321,
                "discounted_orders_pct": 7.664233576642336,
                "avg_discount": 22.153284671532848
            },
            {
                "order_month": "2023-12",
                "支付方式": "刷卡",
                "total_orders": 1,
                "total_revenue": 103.0,
                "avg_order_price": 103.0,
                "discounted_orders_pct": 0.0,
                "avg_discount": 0.0
            },
            {
                "order_month": "2023-12",
                "支付方式": "微信",
                "total_orders": 379,
                "total_revenue": 17218.2,
                "avg_order_price": 45.43060686015831,
                "discounted_orders_pct": 7.9155672823219,
                "avg_discount": 0.6868073878627968
            },
            {
                "order_month": "2023-12",
                "支付方式": "微信小程序支付",
                "total_orders": 1279,
                "total_revenue": 68934.5,
                "avg_order_price": 53.89718530101642,
                "discounted_orders_pct": 3.2838154808444098,
                "avg_discount": 0.48334636434714623
            },
            {
                "order_month": "2023-12",
                "支付方式": "报损",
                "total_orders": 18,
                "total_revenue": 0.0,
                "avg_order_price": 0.0,
                "discounted_orders_pct": 0.0,
                "avg_discount": 0.0
            },
            {
                "order_month": "2023-12",
                "支付方式": "支付宝",
                "total_orders": 283,
                "total_revenue": 15113.57,
                "avg_order_price": 53.40484098939929,
                "discounted_orders_pct": 15.901060070671377,
                "avg_discount": 1.3531095406360425
            },
            {
                "order_month": "2023-12",
                "支付方式": "混合支付",
                "total_orders": 1,
                "total_revenue": 112.0,
                "avg_order_price": 112.0,
                "discounted_orders_pct": 0.0,
                "avg_discount": 0.0
            },
            {
                "order_month": "2023-12",
                "支付方式": "现金",
                "total_orders": 273,
                "total_revenue": 482.7,
                "avg_order_price": 1.768131868131868,
                "discounted_orders_pct": 6.95970695970696,
                "avg_discount": 7.517582417582418
            },
            {
                "order_month": "2024-01",
                "支付方式": "刷卡",
                "total_orders": 1,
                "total_revenue": 76.0,
                "avg_order_price": 76.0,
                "discounted_orders_pct": 0.0,
                "avg_discount": 0.0
            },
            {
                "order_month": "2024-01",
                "支付方式": "微信",
                "total_orders": 268,
                "total_revenue": 12418.94,
                "avg_order_price": 46.33932835820896,
                "discounted_orders_pct": 7.835820895522389,
                "avg_discount": 1.291268656716418
            },
            {
                "order_month": "2024-01",
                "支付方式": "微信小程序支付",
                "total_orders": 838,
                "total_revenue": 51625.94,
                "avg_order_price": 61.60613365155132,
                "discounted_orders_pct": 5.966587112171838,
                "avg_discount": 0.603890214797136
            },
            {
                "order_month": "2024-01",
                "支付方式": "报损",
                "total_orders": 13,
                "total_revenue": 0.0,
                "avg_order_price": 0.0,
                "discounted_orders_pct": 0.0,
                "avg_discount": 0.0
            },
            {
                "order_month": "2024-01",
                "支付方式": "支付宝",
                "total_orders": 231,
                "total_revenue": 21630.82,
                "avg_order_price": 93.63991341991341,
                "discounted_orders_pct": 14.285714285714285,
                "avg_discount": 3.173939393939394
            },
            {
                "order_month": "2024-01",
                "支付方式": "现金",
                "total_orders": 246,
                "total_revenue": 424.0,
                "avg_order_price": 1.7235772357723578,
                "discounted_orders_pct": 1.6260162601626018,
                "avg_discount": 0.5528455284552846
            },
            {
                "order_month": "2024-02",
                "支付方式": "刷卡",
                "total_orders": 1,
                "total_revenue": 56.0,
                "avg_order_price": 56.0,
                "discounted_orders_pct": 0.0,
                "avg_discount": 0.0
            },
            {
                "order_month": "2024-02",
                "支付方式": "微信",
                "total_orders": 126,
                "total_revenue": 7236.64,
                "avg_order_price": 57.4336507936508,
                "discounted_orders_pct": 17.46031746031746,
                "avg_discount": 1.7647619047619048
            },
            {
                "order_month": "2024-02",
                "支付方式": "微信小程序支付",
                "total_orders": 660,
                "total_revenue": 38816.28,
                "avg_order_price": 58.81254545454545,
                "discounted_orders_pct": 2.4242424242424243,
                "avg_discount": 0.13745454545454544
            },
            {
                "order_month": "2024-02",
                "支付方式": "报损",
                "total_orders": 19,
                "total_revenue": 0.0,
                "avg_order_price": 0.0,
                "discounted_orders_pct": 0.0,
                "avg_discount": 0.0
            },
            {
                "order_month": "2024-02",
                "支付方式": "支付宝",
                "total_orders": 101,
                "total_revenue": 5057.48,
                "avg_order_price": 50.07405940594059,
                "discounted_orders_pct": 14.85148514851485,
                "avg_discount": 1.0348514851485149
            },
            {
                "order_month": "2024-02",
                "支付方式": "现金",
                "total_orders": 213,
                "total_revenue": 366.0,
                "avg_order_price": 1.7183098591549295,
                "discounted_orders_pct": 2.3474178403755865,
                "avg_discount": 3.248826291079812
            },
            {
                "order_month": "2024-03",
                "支付方式": "刷卡",
                "total_orders": 6,
                "total_revenue": 1738.0,
                "avg_order_price": 289.6666666666667,
                "discounted_orders_pct": 0.0,
                "avg_discount": 0.0
            },
            {
                "order_month": "2024-03",
                "支付方式": "微信",
                "total_orders": 250,
                "total_revenue": 66848.95999999999,
                "avg_order_price": 267.39583999999996,
                "discounted_orders_pct": 8.4,
                "avg_discount": 0.72736
            },
            {
                "order_month": "2024-03",
                "支付方式": "微信小程序支付",
                "total_orders": 1729,
                "total_revenue": 103915.24,
                "avg_order_price": 60.10135338345865,
                "discounted_orders_pct": 0.6362058993637941,
                "avg_discount": 0.07551185656448814
            },
            {
                "order_month": "2024-03",
                "支付方式": "报损",
                "total_orders": 30,
                "total_revenue": 0.0,
                "avg_order_price": 0.0,
                "discounted_orders_pct": 0.0,
                "avg_discount": 0.0
            },
            {
                "order_month": "2024-03",
                "支付方式": "支付宝",
                "total_orders": 219,
                "total_revenue": 14272.16,
                "avg_order_price": 65.1696803652968,
                "discounted_orders_pct": 8.21917808219178,
                "avg_discount": 0.8074885844748858
            },
            {
                "order_month": "2024-03",
                "支付方式": "现金",
                "total_orders": 219,
                "total_revenue": 212.0,
                "avg_order_price": 0.9680365296803652,
                "discounted_orders_pct": 3.65296803652968,
                "avg_discount": 4.136986301369863
            },
            {
                "order_month": "2024-03",
                "支付方式": "美团",
                "total_orders": 10,
                "total_revenue": 232.2,
                "avg_order_price": 23.22,
                "discounted_orders_pct": 100.0,
                "avg_discount": 3.0
            },
            {
                "order_month": "2024-03",
                "支付方式": "饿了么",
                "total_orders": 4,
                "total_revenue": 0.0,
                "avg_order_price": 0.0,
                "discounted_orders_pct": 25.0,
                "avg_discount": 0.0
            },
            {
                "order_month": "2024-04",
                "支付方式": "刷卡",
                "total_orders": 11,
                "total_revenue": 2704.84,
                "avg_order_price": 245.89454545454547,
                "discounted_orders_pct": 9.090909090909092,
                "avg_discount": 25.432727272727274
            },
            {
                "order_month": "2024-04",
                "支付方式": "微信",
                "total_orders": 176,
                "total_revenue": 12911.32,
                "avg_order_price": 73.35977272727273,
                "discounted_orders_pct": 10.795454545454545,
                "avg_discount": 0.68
            },
            {
                "order_month": "2024-04",
                "支付方式": "微信小程序支付",
                "total_orders": 1548,
                "total_revenue": 90721.6,
                "avg_order_price": 58.60568475452197,
                "discounted_orders_pct": 1.4857881136950903,
                "avg_discount": 0.14948320413436691
            },
            {
                "order_month": "2024-04",
                "支付方式": "报损",
                "total_orders": 30,
                "total_revenue": 0.0,
                "avg_order_price": 0.0,
                "discounted_orders_pct": 0.0,
                "avg_discount": 0.0
            },
            {
                "order_month": "2024-04",
                "支付方式": "支付宝",
                "total_orders": 214,
                "total_revenue": 11754.68,
                "avg_order_price": 54.92841121495327,
                "discounted_orders_pct": 20.093457943925234,
                "avg_discount": 1.057570093457944
            },
            {
                "order_month": "2024-04",
                "支付方式": "现金",
                "total_orders": 186,
                "total_revenue": 744.0,
                "avg_order_price": 4.0,
                "discounted_orders_pct": 4.301075268817205,
                "avg_discount": 1.1612903225806452
            },
            {
                "order_month": "2024-04",
                "支付方式": "美团",
                "total_orders": 7,
                "total_revenue": 161.79,
                "avg_order_price": 23.11285714285714,
                "discounted_orders_pct": 85.71428571428571,
                "avg_discount": 3.142857142857143
            },
            {
                "order_month": "2024-04",
                "支付方式": "饿了么",
                "total_orders": 1,
                "total_revenue": 17.38,
                "avg_order_price": 17.38,
                "discounted_orders_pct": 100.0,
                "avg_discount": 4.0
            },
            {
                "order_month": "2024-05",
                "支付方式": "刷卡",
                "total_orders": 3,
                "total_revenue": 158.0,
                "avg_order_price": 52.666666666666664,
                "discounted_orders_pct": 0.0,
                "avg_discount": 0.0
            },
            {
                "order_month": "2024-05",
                "支付方式": "微信",
                "total_orders": 208,
                "total_revenue": 10548.62,
                "avg_order_price": 50.714519230769234,
                "discounted_orders_pct": 10.576923076923077,
                "avg_discount": 1.2470192307692307
            },
            {
                "order_month": "2024-05",
                "支付方式": "微信小程序支付",
                "total_orders": 2041,
                "total_revenue": 119478.8,
                "avg_order_price": 58.539343459088684,
                "discounted_orders_pct": 0.9309162175404213,
                "avg_discount": 0.14414502694757472
            },
            {
                "order_month": "2024-05",
                "支付方式": "报损",
                "total_orders": 22,
                "total_revenue": 0.0,
                "avg_order_price": 0.0,
                "discounted_orders_pct": 0.0,
                "avg_discount": 0.0
            },
            {
                "order_month": "2024-05",
                "支付方式": "支付宝",
                "total_orders": 218,
                "total_revenue": 20523.72,
                "avg_order_price": 94.14550458715597,
                "discounted_orders_pct": 16.972477064220186,
                "avg_discount": 0.8682568807339449
            },
            {
                "order_month": "2024-05",
                "支付方式": "现金",
                "total_orders": 227,
                "total_revenue": 681.0,
                "avg_order_price": 3.0,
                "discounted_orders_pct": 2.2026431718061676,
                "avg_discount": 0.6167400881057269
            },
            {
                "order_month": "2024-05",
                "支付方式": "美团",
                "total_orders": 4,
                "total_revenue": 76.38,
                "avg_order_price": 19.095,
                "discounted_orders_pct": 100.0,
                "avg_discount": 8.2
            },
            {
                "order_month": "2024-05",
                "支付方式": "饿了么",
                "total_orders": 1,
                "total_revenue": 12.95,
                "avg_order_price": 12.95,
                "discounted_orders_pct": 100.0,
                "avg_discount": 4.0
            },
            {
                "order_month": "2024-06",
                "支付方式": "刷卡",
                "total_orders": 7,
                "total_revenue": 2155.0,
                "avg_order_price": 307.85714285714283,
                "discounted_orders_pct": 0.0,
                "avg_discount": 0.0
            },
            {
                "order_month": "2024-06",
                "支付方式": "微信",
                "total_orders": 192,
                "total_revenue": 10182.56,
                "avg_order_price": 53.034166666666664,
                "discounted_orders_pct": 6.770833333333333,
                "avg_discount": 0.3720833333333333
            },
            {
                "order_month": "2024-06",
                "支付方式": "微信小程序支付",
                "total_orders": 1836,
                "total_revenue": 117238.8,
                "avg_order_price": 63.855555555555554,
                "discounted_orders_pct": 1.9607843137254901,
                "avg_discount": 0.185838779956427
            },
            {
                "order_month": "2024-06",
                "支付方式": "报损",
                "total_orders": 32,
                "total_revenue": 0.0,
                "avg_order_price": 0.0,
                "discounted_orders_pct": 0.0,
                "avg_discount": 0.0
            },
            {
                "order_month": "2024-06",
                "支付方式": "支付宝",
                "total_orders": 209,
                "total_revenue": 20987.28,
                "avg_order_price": 100.41760765550238,
                "discounted_orders_pct": 15.311004784688995,
                "avg_discount": 1.218755980861244
            },
            {
                "order_month": "2024-06",
                "支付方式": "现金",
                "total_orders": 243,
                "total_revenue": 509.4,
                "avg_order_price": 2.096296296296296,
                "discounted_orders_pct": 5.349794238683128,
                "avg_discount": 1.8419753086419755
            },
            {
                "order_month": "2024-06",
                "支付方式": "美团",
                "total_orders": 6,
                "total_revenue": 255.58,
                "avg_order_price": 42.59666666666667,
                "discounted_orders_pct": 100.0,
                "avg_discount": 7.55
            },
            {
                "order_month": "2024-06",
                "支付方式": "饿了么",
                "total_orders": 1,
                "total_revenue": 23.6,
                "avg_order_price": 23.6,
                "discounted_orders_pct": 100.0,
                "avg_discount": 2.0
            },
            {
                "order_month": "2024-07",
                "支付方式": "刷卡",
                "total_orders": 8,
                "total_revenue": 343.0,
                "avg_order_price": 42.875,
                "discounted_orders_pct": 12.5,
                "avg_discount": 0.625
            },
            {
                "order_month": "2024-07",
                "支付方式": "微信",
                "total_orders": 206,
                "total_revenue": 12502.64,
                "avg_order_price": 60.69242718446602,
                "discounted_orders_pct": 7.281553398058252,
                "avg_discount": 0.48718446601941745
            },
            {
                "order_month": "2024-07",
                "支付方式": "微信小程序支付",
                "total_orders": 1643,
                "total_revenue": 105404.52,
                "avg_order_price": 64.1536944613512,
                "discounted_orders_pct": 3.5301278149726114,
                "avg_discount": 0.3608520998174072
            },
            {
                "order_month": "2024-07",
                "支付方式": "报损",
                "total_orders": 56,
                "total_revenue": 0.0,
                "avg_order_price": 0.0,
                "discounted_orders_pct": 0.0,
                "avg_discount": 0.0
            },
            {
                "order_month": "2024-07",
                "支付方式": "支付宝",
                "total_orders": 170,
                "total_revenue": 10786.88,
                "avg_order_price": 63.45223529411764,
                "discounted_orders_pct": 10.588235294117647,
                "avg_discount": 1.071294117647059
            },
            {
                "order_month": "2024-07",
                "支付方式": "现金",
                "total_orders": 255,
                "total_revenue": 288.0,
                "avg_order_price": 1.1294117647058823,
                "discounted_orders_pct": 7.0588235294117645,
                "avg_discount": 2.5098039215686274
            },
            {
                "order_month": "2024-07",
                "支付方式": "美团",
                "total_orders": 2,
                "total_revenue": 103.75999999999999,
                "avg_order_price": 51.879999999999995,
                "discounted_orders_pct": 100.0,
                "avg_discount": 7.6
            },
            {
                "order_month": "2024-07",
                "支付方式": "饿了么",
                "total_orders": 1,
                "total_revenue": 25.05,
                "avg_order_price": 25.05,
                "discounted_orders_pct": 100.0,
                "avg_discount": 10.0
            },
            {
                "order_month": "2024-08",
                "支付方式": "刷卡",
                "total_orders": 3,
                "total_revenue": 112.0,
                "avg_order_price": 37.333333333333336,
                "discounted_orders_pct": 0.0,
                "avg_discount": 0.0
            },
            {
                "order_month": "2024-08",
                "支付方式": "微信",
                "total_orders": 210,
                "total_revenue": 13949.48,
                "avg_order_price": 66.42609523809523,
                "discounted_orders_pct": 10.952380952380953,
                "avg_discount": 0.7596190476190475
            },
            {
                "order_month": "2024-08",
                "支付方式": "微信小程序支付",
                "total_orders": 1511,
                "total_revenue": 89511.56,
                "avg_order_price": 59.23994705493051,
                "discounted_orders_pct": 4.765056254136334,
                "avg_discount": 0.3960555923229649
            },
            {
                "order_month": "2024-08",
                "支付方式": "报损",
                "total_orders": 88,
                "total_revenue": 0.0,
                "avg_order_price": 0.0,
                "discounted_orders_pct": 0.0,
                "avg_discount": 0.0
            },
            {
                "order_month": "2024-08",
                "支付方式": "支付宝",
                "total_orders": 185,
                "total_revenue": 17234.72,
                "avg_order_price": 93.16064864864866,
                "discounted_orders_pct": 11.891891891891893,
                "avg_discount": 0.7474594594594595
            },
            {
                "order_month": "2024-08",
                "支付方式": "现金",
                "total_orders": 284,
                "total_revenue": 445.0,
                "avg_order_price": 1.5669014084507042,
                "discounted_orders_pct": 4.929577464788732,
                "avg_discount": 1.6971830985915493
            },
            {
                "order_month": "2024-08",
                "支付方式": "美团",
                "total_orders": 5,
                "total_revenue": 305.0,
                "avg_order_price": 61.0,
                "discounted_orders_pct": 100.0,
                "avg_discount": 7.659999999999999
            },
            {
                "order_month": "2024-08",
                "支付方式": "饿了么",
                "total_orders": 4,
                "total_revenue": 104.06,
                "avg_order_price": 26.015,
                "discounted_orders_pct": 100.0,
                "avg_discount": 4.0
            },
            {
                "order_month": "2024-09",
                "支付方式": "刷卡",
                "total_orders": 9,
                "total_revenue": 660.0,
                "avg_order_price": 73.33333333333333,
                "discounted_orders_pct": 0.0,
                "avg_discount": 0.0
            },
            {
                "order_month": "2024-09",
                "支付方式": "微信",
                "total_orders": 254,
                "total_revenue": 15697.92,
                "avg_order_price": 61.80283464566929,
                "discounted_orders_pct": 7.874015748031496,
                "avg_discount": 0.7089763779527558
            },
            {
                "order_month": "2024-09",
                "支付方式": "微信小程序支付",
                "total_orders": 1670,
                "total_revenue": 98296.72,
                "avg_order_price": 58.86031137724551,
                "discounted_orders_pct": 6.946107784431138,
                "avg_discount": 0.3828023952095808
            },
            {
                "order_month": "2024-09",
                "支付方式": "报损",
                "total_orders": 70,
                "total_revenue": 0.0,
                "avg_order_price": 0.0,
                "discounted_orders_pct": 0.0,
                "avg_discount": 0.0
            },
            {
                "order_month": "2024-09",
                "支付方式": "支付宝",
                "total_orders": 228,
                "total_revenue": 12676.39,
                "avg_order_price": 55.59820175438596,
                "discounted_orders_pct": 11.842105263157894,
                "avg_discount": 1.0903947368421054
            },
            {
                "order_month": "2024-09",
                "支付方式": "现金",
                "total_orders": 295,
                "total_revenue": 474.0,
                "avg_order_price": 1.6067796610169491,
                "discounted_orders_pct": 2.711864406779661,
                "avg_discount": 0.7322033898305085
            },
            {
                "order_month": "2024-09",
                "支付方式": "美团",
                "total_orders": 2,
                "total_revenue": 39.3,
                "avg_order_price": 19.65,
                "discounted_orders_pct": 100.0,
                "avg_discount": 5.65
            },
            {
                "order_month": "2024-10",
                "支付方式": "刷卡",
                "total_orders": 6,
                "total_revenue": 355.0,
                "avg_order_price": 59.166666666666664,
                "discounted_orders_pct": 0.0,
                "avg_discount": 0.0
            },
            {
                "order_month": "2024-10",
                "支付方式": "微信",
                "total_orders": 262,
                "total_revenue": 19469.92,
                "avg_order_price": 74.31267175572519,
                "discounted_orders_pct": 9.16030534351145,
                "avg_discount": 1.290381679389313
            },
            {
                "order_month": "2024-10",
                "支付方式": "微信小程序支付",
                "total_orders": 2030,
                "total_revenue": 117219.16,
                "avg_order_price": 57.74342857142857,
                "discounted_orders_pct": 4.975369458128079,
                "avg_discount": 0.17381280788177342
            },
            {
                "order_month": "2024-10",
                "支付方式": "报损",
                "total_orders": 94,
                "total_revenue": 0.0,
                "avg_order_price": 0.0,
                "discounted_orders_pct": 0.0,
                "avg_discount": 0.0
            },
            {
                "order_month": "2024-10",
                "支付方式": "支付宝",
                "total_orders": 279,
                "total_revenue": 19730.96,
                "avg_order_price": 70.72028673835125,
                "discounted_orders_pct": 6.810035842293908,
                "avg_discount": 0.46609318996415766
            },
            {
                "order_month": "2024-10",
                "支付方式": "现金",
                "total_orders": 315,
                "total_revenue": 1313.0,
                "avg_order_price": 4.1682539682539685,
                "discounted_orders_pct": 0.6349206349206349,
                "avg_discount": 0.24126984126984127
            },
            {
                "order_month": "2024-10",
                "支付方式": "美团",
                "total_orders": 4,
                "total_revenue": 152.3,
                "avg_order_price": 38.075,
                "discounted_orders_pct": 100.0,
                "avg_discount": 8.075
            },
            {
                "order_month": "2024-10",
                "支付方式": "饿了么",
                "total_orders": 1,
                "total_revenue": 38.04,
                "avg_order_price": 38.04,
                "discounted_orders_pct": 100.0,
                "avg_discount": 10.0
            },
            {
                "order_month": "2024-11",
                "支付方式": "刷卡",
                "total_orders": 4,
                "total_revenue": 208.0,
                "avg_order_price": 52.0,
                "discounted_orders_pct": 0.0,
                "avg_discount": 0.0
            },
            {
                "order_month": "2024-11",
                "支付方式": "微信",
                "total_orders": 276,
                "total_revenue": 29006.02,
                "avg_order_price": 105.09427536231884,
                "discounted_orders_pct": 8.695652173913043,
                "avg_discount": 0.7064492753623188
            },
            {
                "order_month": "2024-11",
                "支付方式": "微信小程序支付",
                "total_orders": 1883,
                "total_revenue": 104374.04,
                "avg_order_price": 55.42965480616038,
                "discounted_orders_pct": 5.947955390334572,
                "avg_discount": 0.6197344662772172
            },
            {
                "order_month": "2024-11",
                "支付方式": "报损",
                "total_orders": 84,
                "total_revenue": 0.0,
                "avg_order_price": 0.0,
                "discounted_orders_pct": 0.0,
                "avg_discount": 0.0
            },
            {
                "order_month": "2024-11",
                "支付方式": "支付宝",
                "total_orders": 268,
                "total_revenue": 22172.420000000002,
                "avg_order_price": 82.7329104477612,
                "discounted_orders_pct": 10.44776119402985,
                "avg_discount": 1.1327611940298508
            },
            {
                "order_month": "2024-11",
                "支付方式": "现金",
                "total_orders": 356,
                "total_revenue": 1266.0,
                "avg_order_price": 3.556179775280899,
                "discounted_orders_pct": 0.0,
                "avg_discount": 0.0
            },
            {
                "order_month": "2024-11",
                "支付方式": "美团",
                "total_orders": 2,
                "total_revenue": 36.449999999999996,
                "avg_order_price": 18.224999999999998,
                "discounted_orders_pct": 50.0,
                "avg_discount": 4.15
            },
            {
                "order_month": "2024-12",
                "支付方式": "刷卡",
                "total_orders": 2,
                "total_revenue": 132.0,
                "avg_order_price": 66.0,
                "discounted_orders_pct": 0.0,
                "avg_discount": 0.0
            },
            {
                "order_month": "2024-12",
                "支付方式": "微信",
                "total_orders": 286,
                "total_revenue": 27864.02,
                "avg_order_price": 97.42664335664335,
                "discounted_orders_pct": 11.538461538461538,
                "avg_discount": 1.339090909090909
            },
            {
                "order_month": "2024-12",
                "支付方式": "微信小程序支付",
                "total_orders": 1959,
                "total_revenue": 118428.67,
                "avg_order_price": 60.45363450740174,
                "discounted_orders_pct": 6.636038795303727,
                "avg_discount": 0.5223736600306279
            },
            {
                "order_month": "2024-12",
                "支付方式": "报损",
                "total_orders": 89,
                "total_revenue": 0.0,
                "avg_order_price": 0.0,
                "discounted_orders_pct": 0.0,
                "avg_discount": 0.0
            },
            {
                "order_month": "2024-12",
                "支付方式": "支付宝",
                "total_orders": 281,
                "total_revenue": 19868.6,
                "avg_order_price": 70.70676156583629,
                "discounted_orders_pct": 9.608540925266903,
                "avg_discount": 1.7843416370106762
            },
            {
                "order_month": "2024-12",
                "支付方式": "混合支付",
                "total_orders": 1,
                "total_revenue": 178.0,
                "avg_order_price": 178.0,
                "discounted_orders_pct": 0.0,
                "avg_discount": 0.0
            },
            {
                "order_month": "2024-12",
                "支付方式": "现金",
                "total_orders": 281,
                "total_revenue": 1164.0,
                "avg_order_price": 4.142348754448399,
                "discounted_orders_pct": 0.3558718861209964,
                "avg_discount": 0.0
            },
            {
                "order_month": "2024-12",
                "支付方式": "美团",
                "total_orders": 3,
                "total_revenue": 92.92999999999999,
                "avg_order_price": 30.976666666666663,
                "discounted_orders_pct": 100.0,
                "avg_discount": 7.366666666666667
            }
        ],
        "2- 退单分析": [
            {
                "order_month": "2023-09",
                "退单类型": "整单退单",
                "refund_orders": 9,
                "refund_amount": -652.0,
                "total_orders": 508,
                "refund_percentage": 1.7716535433070866
            },
            {
                "order_month": "2023-09",
                "退单类型": "部分退单",
                "refund_orders": 1,
                "refund_amount": -32.0,
                "total_orders": 508,
                "refund_percentage": 0.19685039370078738
            },
            {
                "order_month": "2023-10",
                "退单类型": "整单退单",
                "refund_orders": 23,
                "refund_amount": -776.5,
                "total_orders": 2598,
                "refund_percentage": 0.8852963818321785
            },
            {
                "order_month": "2023-10",
                "退单类型": "部分退单",
                "refund_orders": 7,
                "refund_amount": -3182.0,
                "total_orders": 2598,
                "refund_percentage": 0.26943802925327176
            },
            {
                "order_month": "2023-11",
                "退单类型": "整单退单",
                "refund_orders": 20,
                "refund_amount": -1268.0,
                "total_orders": 2634,
                "refund_percentage": 0.759301442672741
            },
            {
                "order_month": "2023-11",
                "退单类型": "部分退单",
                "refund_orders": 7,
                "refund_amount": -284.0,
                "total_orders": 2634,
                "refund_percentage": 0.26575550493545935
            },
            {
                "order_month": "2023-12",
                "退单类型": "整单退单",
                "refund_orders": 22,
                "refund_amount": -1497.4,
                "total_orders": 2234,
                "refund_percentage": 0.9847806624888094
            },
            {
                "order_month": "2023-12",
                "退单类型": "部分退单",
                "refund_orders": 4,
                "refund_amount": -160.0,
                "total_orders": 2234,
                "refund_percentage": 0.17905102954341987
            },
            {
                "order_month": "2024-01",
                "退单类型": "整单退单",
                "refund_orders": 19,
                "refund_amount": -1272.62,
                "total_orders": 1597,
                "refund_percentage": 1.1897307451471508
            },
            {
                "order_month": "2024-01",
                "退单类型": "部分退单",
                "refund_orders": 5,
                "refund_amount": -296.0,
                "total_orders": 1597,
                "refund_percentage": 0.31308703819661865
            },
            {
                "order_month": "2024-02",
                "退单类型": "整单退单",
                "refund_orders": 6,
                "refund_amount": -296.0,
                "total_orders": 1120,
                "refund_percentage": 0.5357142857142857
            },
            {
                "order_month": "2024-02",
                "退单类型": "部分退单",
                "refund_orders": 1,
                "refund_amount": -24.0,
                "total_orders": 1120,
                "refund_percentage": 0.08928571428571429
            },
            {
                "order_month": "2024-03",
                "退单类型": "整单退单",
                "refund_orders": 13,
                "refund_amount": -1318.52,
                "total_orders": 2467,
                "refund_percentage": 0.526955816781516
            },
            {
                "order_month": "2024-03",
                "退单类型": "部分退单",
                "refund_orders": 10,
                "refund_amount": -675.6,
                "total_orders": 2467,
                "refund_percentage": 0.40535062829347385
            },
            {
                "order_month": "2024-04",
                "退单类型": "整单退单",
                "refund_orders": 25,
                "refund_amount": -3728.8500000000004,
                "total_orders": 2173,
                "refund_percentage": 1.150483202945237
            },
            {
                "order_month": "2024-04",
                "退单类型": "部分退单",
                "refund_orders": 5,
                "refund_amount": -202.0,
                "total_orders": 2173,
                "refund_percentage": 0.23009664058904739
            },
            {
                "order_month": "2024-05",
                "退单类型": "整单退单",
                "refund_orders": 30,
                "refund_amount": -3268.8,
                "total_orders": 2724,
                "refund_percentage": 1.1013215859030838
            },
            {
                "order_month": "2024-05",
                "退单类型": "部分退单",
                "refund_orders": 5,
                "refund_amount": -192.0,
                "total_orders": 2724,
                "refund_percentage": 0.18355359765051393
            },
            {
                "order_month": "2024-06",
                "退单类型": "整单退单",
                "refund_orders": 14,
                "refund_amount": -917.0,
                "total_orders": 2526,
                "refund_percentage": 0.5542359461599367
            },
            {
                "order_month": "2024-06",
                "退单类型": "部分退单",
                "refund_orders": 5,
                "refund_amount": -446.0,
                "total_orders": 2526,
                "refund_percentage": 0.1979414093428345
            },
            {
                "order_month": "2024-07",
                "退单类型": "整单退单",
                "refund_orders": 15,
                "refund_amount": -859.0,
                "total_orders": 2341,
                "refund_percentage": 0.6407518154634771
            },
            {
                "order_month": "2024-07",
                "退单类型": "部分退单",
                "refund_orders": 2,
                "refund_amount": -83.0,
                "total_orders": 2341,
                "refund_percentage": 0.08543357539513029
            },
            {
                "order_month": "2024-08",
                "退单类型": "整单退单",
                "refund_orders": 14,
                "refund_amount": -1050.0,
                "total_orders": 2290,
                "refund_percentage": 0.611353711790393
            },
            {
                "order_month": "2024-08",
                "退单类型": "部分退单",
                "refund_orders": 3,
                "refund_amount": -143.84,
                "total_orders": 2290,
                "refund_percentage": 0.13100436681222707
            },
            {
                "order_month": "2024-09",
                "退单类型": "整单退单",
                "refund_orders": 21,
                "refund_amount": -1243.16,
                "total_orders": 2528,
                "refund_percentage": 0.8306962025316454
            },
            {
                "order_month": "2024-09",
                "退单类型": "部分退单",
                "refund_orders": 8,
                "refund_amount": -420.0,
                "total_orders": 2528,
                "refund_percentage": 0.31645569620253167
            },
            {
                "order_month": "2024-10",
                "退单类型": "整单退单",
                "refund_orders": 23,
                "refund_amount": -2011.8,
                "total_orders": 2991,
                "refund_percentage": 0.7689735874289535
            },
            {
                "order_month": "2024-10",
                "退单类型": "部分退单",
                "refund_orders": 8,
                "refund_amount": -338.0,
                "total_orders": 2991,
                "refund_percentage": 0.26746907388833163
            },
            {
                "order_month": "2024-11",
                "退单类型": "整单退单",
                "refund_orders": 14,
                "refund_amount": -1051.64,
                "total_orders": 2873,
                "refund_percentage": 0.4872955099199443
            },
            {
                "order_month": "2024-11",
                "退单类型": "部分退单",
                "refund_orders": 7,
                "refund_amount": -474.68,
                "total_orders": 2873,
                "refund_percentage": 0.24364775495997215
            },
            {
                "order_month": "2024-12",
                "退单类型": "整单退单",
                "refund_orders": 21,
                "refund_amount": -1398.28,
                "total_orders": 2902,
                "refund_percentage": 0.7236388697450035
            },
            {
                "order_month": "2024-12",
                "退单类型": "部分退单",
                "refund_orders": 10,
                "refund_amount": -419.8,
                "total_orders": 2902,
                "refund_percentage": 0.34458993797381116
            }
        ],
        "2- 退单类型分析": [
            {
                "order_month": "2023-09",
                "整单退单": 1.7716535433070866,
                "未退单": 98.03149606299213,
                "部分退单": 0.19685039370078738
            },
            {
                "order_month": "2023-10",
                "整单退单": 0.8852963818321785,
                "未退单": 98.84526558891456,
                "部分退单": 0.26943802925327176
            },
            {
                "order_month": "2023-11",
                "整单退单": 0.759301442672741,
                "未退单": 98.9749430523918,
                "部分退单": 0.26575550493545935
            },
            {
                "order_month": "2023-12",
                "整单退单": 0.9847806624888094,
                "未退单": 98.83616830796778,
                "部分退单": 0.17905102954341987
            },
            {
                "order_month": "2024-01",
                "整单退单": 1.1897307451471508,
                "未退单": 98.49718221665623,
                "部分退单": 0.31308703819661865
            },
            {
                "order_month": "2024-02",
                "整单退单": 0.5357142857142857,
                "未退单": 99.375,
                "部分退单": 0.08928571428571429
            },
            {
                "order_month": "2024-03",
                "整单退单": 0.526955816781516,
                "未退单": 99.067693554925,
                "部分退单": 0.40535062829347385
            },
            {
                "order_month": "2024-04",
                "整单退单": 1.150483202945237,
                "未退单": 98.61942015646572,
                "部分退单": 0.23009664058904739
            },
            {
                "order_month": "2024-05",
                "整单退单": 1.1013215859030838,
                "未退单": 98.7151248164464,
                "部分退单": 0.18355359765051393
            },
            {
                "order_month": "2024-06",
                "整单退单": 0.5542359461599367,
                "未退单": 99.24782264449723,
                "部分退单": 0.1979414093428345
            },
            {
                "order_month": "2024-07",
                "整单退单": 0.6407518154634771,
                "未退单": 99.2738146091414,
                "部分退单": 0.08543357539513029
            },
            {
                "order_month": "2024-08",
                "整单退单": 0.611353711790393,
                "未退单": 99.25764192139738,
                "部分退单": 0.13100436681222707
            },
            {
                "order_month": "2024-09",
                "整单退单": 0.8306962025316454,
                "未退单": 98.85284810126582,
                "部分退单": 0.31645569620253167
            },
            {
                "order_month": "2024-10",
                "整单退单": 0.7689735874289535,
                "未退单": 98.96355733868272,
                "部分退单": 0.26746907388833163
            },
            {
                "order_month": "2024-11",
                "整单退单": 0.4872955099199443,
                "未退单": 99.26905673512009,
                "部分退单": 0.24364775495997215
            },
            {
                "order_month": "2024-12",
                "整单退单": 0.7236388697450035,
                "未退单": 98.93177119228118,
                "部分退单": 0.34458993797381116
            }
        ],
        "2- 服务方式分析": [
            {
                "order_month": "2023-09",
                "堂食": 99.40944881889764,
                "打包": 0.5905511811023622,
                "报损": 0.0,
                "权益卡": 0.0,
                "美团": 0.0,
                "饿了么": 0.0
            },
            {
                "order_month": "2023-10",
                "堂食": 95.84295612009238,
                "打包": 3.733641262509623,
                "报损": 0.26943802925327176,
                "权益卡": 0.15396458814472672,
                "美团": 0.0,
                "饿了么": 0.0
            },
            {
                "order_month": "2023-11",
                "堂食": 95.14047076689445,
                "打包": 3.6826119969627946,
                "报损": 1.0630220197418374,
                "权益卡": 0.11389521640091116,
                "美团": 0.0,
                "饿了么": 0.0
            },
            {
                "order_month": "2023-12",
                "堂食": 93.33034914950761,
                "打包": 5.416293643688451,
                "报损": 0.8057296329453895,
                "权益卡": 0.4476275738585497,
                "美团": 0.0,
                "饿了么": 0.0
            },
            {
                "order_month": "2024-01",
                "堂食": 81.59048215403882,
                "打包": 17.345021916092673,
                "报损": 0.8140262993112084,
                "权益卡": 0.25046963055729493,
                "美团": 0.0,
                "饿了么": 0.0
            },
            {
                "order_month": "2024-02",
                "堂食": 73.48214285714286,
                "打包": 24.732142857142858,
                "报损": 1.6964285714285714,
                "权益卡": 0.08928571428571429,
                "美团": 0.0,
                "饿了么": 0.0
            },
            {
                "order_month": "2024-03",
                "堂食": 93.39278475881638,
                "打包": 4.783137413862992,
                "报损": 1.2160518848804214,
                "权益卡": 0.040535062829347386,
                "美团": 0.40535062829347385,
                "饿了么": 0.16214025131738954
            },
            {
                "order_month": "2024-04",
                "堂食": 93.87942936033133,
                "打包": 4.2797975149562815,
                "报损": 1.3805798435342844,
                "权益卡": 0.09203865623561897,
                "美团": 0.32213529682466635,
                "饿了么": 0.04601932811780948
            },
            {
                "order_month": "2024-05",
                "堂食": 94.08957415565345,
                "打包": 4.845814977973569,
                "报损": 0.8076358296622614,
                "权益卡": 0.07342143906020558,
                "美团": 0.14684287812041116,
                "饿了么": 0.03671071953010279
            },
            {
                "order_month": "2024-06",
                "堂食": 95.13064133016627,
                "打包": 3.32541567695962,
                "报损": 1.2668250197941409,
                "权益卡": 0.0,
                "美团": 0.23752969121140144,
                "饿了么": 0.0395882818685669
            },
            {
                "order_month": "2024-07",
                "堂食": 93.80606578385306,
                "打包": 3.6736437419906025,
                "报损": 2.392140111063648,
                "权益卡": 0.0,
                "美团": 0.08543357539513029,
                "饿了么": 0.042716787697565144
            },
            {
                "order_month": "2024-08",
                "堂食": 91.48471615720524,
                "打包": 4.192139737991266,
                "报损": 3.8427947598253276,
                "权益卡": 0.08733624454148471,
                "美团": 0.21834061135371177,
                "饿了么": 0.17467248908296942
            },
            {
                "order_month": "2024-09",
                "堂食": 93.9873417721519,
                "打包": 3.125,
                "报损": 2.7689873417721516,
                "权益卡": 0.03955696202531646,
                "美团": 0.07911392405063292,
                "饿了么": 0.0
            },
            {
                "order_month": "2024-10",
                "堂食": 93.07923771313942,
                "打包": 3.6108324974924777,
                "报损": 3.142761618187897,
                "权益卡": 0.0,
                "美团": 0.13373453694416582,
                "饿了么": 0.033433634236041454
            },
            {
                "order_month": "2024-11",
                "堂食": 93.59554472676645,
                "打包": 3.4110685694396103,
                "报损": 2.923773059519666,
                "权益卡": 0.0,
                "美团": 0.06961364427427777,
                "饿了么": 0.0
            },
            {
                "order_month": "2024-12",
                "堂食": 93.90075809786354,
                "打包": 2.929014472777395,
                "报损": 3.066850447966919,
                "权益卡": 0.0,
                "美团": 0.10337698139214334,
                "饿了么": 0.0
            }
        ]
    },
    "product": {
        "3- 每月基础产品销售分析": [
            {
                "order_month": "2023-09",
                "基础产品": "Cappuccino",
                "total_quantity": 8.0
            },
            {
                "order_month": "2023-09",
                "基础产品": "Dirty",
                "total_quantity": 30.0
            },
            {
                "order_month": "2023-09",
                "基础产品": "Espresso",
                "total_quantity": 1.0
            },
            {
                "order_month": "2023-09",
                "基础产品": "scone",
                "total_quantity": 8.0
            },
            {
                "order_month": "2023-09",
                "基础产品": "其他",
                "total_quantity": 65.0
            },
            {
                "order_month": "2023-09",
                "基础产品": "冰淇凌",
                "total_quantity": 10.0
            },
            {
                "order_month": "2023-09",
                "基础产品": "场景套餐",
                "total_quantity": 134.0
            },
            {
                "order_month": "2023-09",
                "基础产品": "姜茶",
                "total_quantity": 12.0
            },
            {
                "order_month": "2023-09",
                "基础产品": "希腊酸奶",
                "total_quantity": 20.0
            },
            {
                "order_month": "2023-09",
                "基础产品": "拿铁",
                "total_quantity": 139.0
            },
            {
                "order_month": "2023-09",
                "基础产品": "澳式黑咖啡",
                "total_quantity": 48.0
            },
            {
                "order_month": "2023-09",
                "基础产品": "澳白",
                "total_quantity": 90.0
            },
            {
                "order_month": "2023-09",
                "基础产品": "煎茶",
                "total_quantity": 18.0
            },
            {
                "order_month": "2023-09",
                "基础产品": "白茶",
                "total_quantity": 63.0
            },
            {
                "order_month": "2023-09",
                "基础产品": "米汉堡",
                "total_quantity": 10.0
            },
            {
                "order_month": "2023-09",
                "基础产品": "紫桑茶",
                "total_quantity": 27.0
            },
            {
                "order_month": "2023-09",
                "基础产品": "美式",
                "total_quantity": 102.0
            },
            {
                "order_month": "2023-09",
                "基础产品": "贝果",
                "total_quantity": 2.0
            },
            {
                "order_month": "2023-09",
                "基础产品": "饭团香肠",
                "total_quantity": 9.0
            },
            {
                "order_month": "2023-09",
                "基础产品": "鲜奶",
                "total_quantity": 2.0
            },
            {
                "order_month": "2023-10",
                "基础产品": "Cappuccino",
                "total_quantity": 61.0
            },
            {
                "order_month": "2023-10",
                "基础产品": "Dirty",
                "total_quantity": 276.0
            },
            {
                "order_month": "2023-10",
                "基础产品": "Espresso",
                "total_quantity": 14.0
            },
            {
                "order_month": "2023-10",
                "基础产品": "scone",
                "total_quantity": 84.0
            },
            {
                "order_month": "2023-10",
                "基础产品": "乳酪芝士条",
                "total_quantity": 19.0
            },
            {
                "order_month": "2023-10",
                "基础产品": "会议室",
                "total_quantity": 10.0
            },
            {
                "order_month": "2023-10",
                "基础产品": "其他",
                "total_quantity": 46.0
            },
            {
                "order_month": "2023-10",
                "基础产品": "冰淇凌",
                "total_quantity": 105.0
            },
            {
                "order_month": "2023-10",
                "基础产品": "图书馆",
                "total_quantity": 4.0
            },
            {
                "order_month": "2023-10",
                "基础产品": "姜茶",
                "total_quantity": 107.0
            },
            {
                "order_month": "2023-10",
                "基础产品": "巧克力",
                "total_quantity": 1.0
            },
            {
                "order_month": "2023-10",
                "基础产品": "希腊酸奶",
                "total_quantity": 155.0
            },
            {
                "order_month": "2023-10",
                "基础产品": "心流舱",
                "total_quantity": 21.0
            },
            {
                "order_month": "2023-10",
                "基础产品": "拿铁",
                "total_quantity": 1197.0
            },
            {
                "order_month": "2023-10",
                "基础产品": "澳白",
                "total_quantity": 332.0
            },
            {
                "order_month": "2023-10",
                "基础产品": "煎茶",
                "total_quantity": 174.0
            },
            {
                "order_month": "2023-10",
                "基础产品": "白茶",
                "total_quantity": 215.0
            },
            {
                "order_month": "2023-10",
                "基础产品": "米汉堡",
                "total_quantity": 66.0
            },
            {
                "order_month": "2023-10",
                "基础产品": "紫桑茶",
                "total_quantity": 152.0
            },
            {
                "order_month": "2023-10",
                "基础产品": "红藜麦黑芝麻核桃饮",
                "total_quantity": 40.0
            },
            {
                "order_month": "2023-10",
                "基础产品": "美式",
                "total_quantity": 1013.0
            },
            {
                "order_month": "2023-10",
                "基础产品": "芝士条",
                "total_quantity": 21.0
            },
            {
                "order_month": "2023-10",
                "基础产品": "谷物浆",
                "total_quantity": 4.0
            },
            {
                "order_month": "2023-10",
                "基础产品": "贝果",
                "total_quantity": 25.0
            },
            {
                "order_month": "2023-10",
                "基础产品": "饭团",
                "total_quantity": 27.0
            },
            {
                "order_month": "2023-10",
                "基础产品": "饭团香肠",
                "total_quantity": 32.0
            },
            {
                "order_month": "2023-10",
                "基础产品": "鲜奶",
                "total_quantity": 20.0
            },
            {
                "order_month": "2023-10",
                "基础产品": "黑匣子脑爆",
                "total_quantity": 1.0
            },
            {
                "order_month": "2023-11",
                "基础产品": "Cappuccino",
                "total_quantity": 72.0
            },
            {
                "order_month": "2023-11",
                "基础产品": "Dirty",
                "total_quantity": 144.0
            },
            {
                "order_month": "2023-11",
                "基础产品": "Espresso",
                "total_quantity": 32.0
            },
            {
                "order_month": "2023-11",
                "基础产品": "scone",
                "total_quantity": 40.0
            },
            {
                "order_month": "2023-11",
                "基础产品": "乳酪芝士条",
                "total_quantity": 24.0
            },
            {
                "order_month": "2023-11",
                "基础产品": "会议室",
                "total_quantity": 48.0
            },
            {
                "order_month": "2023-11",
                "基础产品": "其他",
                "total_quantity": 93.0
            },
            {
                "order_month": "2023-11",
                "基础产品": "冰淇凌",
                "total_quantity": 43.0
            },
            {
                "order_month": "2023-11",
                "基础产品": "可颂",
                "total_quantity": 50.0
            },
            {
                "order_month": "2023-11",
                "基础产品": "吐司",
                "total_quantity": 37.0
            },
            {
                "order_month": "2023-11",
                "基础产品": "图书馆",
                "total_quantity": 43.0
            },
            {
                "order_month": "2023-11",
                "基础产品": "场景套餐",
                "total_quantity": 32.0
            },
            {
                "order_month": "2023-11",
                "基础产品": "姜茶",
                "total_quantity": 98.0
            },
            {
                "order_month": "2023-11",
                "基础产品": "巧克力",
                "total_quantity": 68.0
            },
            {
                "order_month": "2023-11",
                "基础产品": "布朗尼",
                "total_quantity": 11.0
            },
            {
                "order_month": "2023-11",
                "基础产品": "希腊酸奶",
                "total_quantity": 102.0
            },
            {
                "order_month": "2023-11",
                "基础产品": "心流舱",
                "total_quantity": 70.0
            },
            {
                "order_month": "2023-11",
                "基础产品": "拿铁",
                "total_quantity": 1250.0
            },
            {
                "order_month": "2023-11",
                "基础产品": "摩卡",
                "total_quantity": 40.0
            },
            {
                "order_month": "2023-11",
                "基础产品": "波斯茶",
                "total_quantity": 133.0
            },
            {
                "order_month": "2023-11",
                "基础产品": "澳白",
                "total_quantity": 354.0
            },
            {
                "order_month": "2023-11",
                "基础产品": "热红酒",
                "total_quantity": 14.0
            },
            {
                "order_month": "2023-11",
                "基础产品": "煎茶",
                "total_quantity": 105.0
            },
            {
                "order_month": "2023-11",
                "基础产品": "燕麦饮",
                "total_quantity": 12.0
            },
            {
                "order_month": "2023-11",
                "基础产品": "白茶",
                "total_quantity": 101.0
            },
            {
                "order_month": "2023-11",
                "基础产品": "米汉堡",
                "total_quantity": 28.0
            },
            {
                "order_month": "2023-11",
                "基础产品": "紫桑茶",
                "total_quantity": 54.0
            },
            {
                "order_month": "2023-11",
                "基础产品": "红茶黑巧冰激凌 + 碧果仁黄油脆",
                "total_quantity": 13.0
            },
            {
                "order_month": "2023-11",
                "基础产品": "红藜麦黑芝麻核桃饮",
                "total_quantity": 65.0
            },
            {
                "order_month": "2023-11",
                "基础产品": "美式",
                "total_quantity": 845.0
            },
            {
                "order_month": "2023-11",
                "基础产品": "芝士条",
                "total_quantity": 42.0
            },
            {
                "order_month": "2023-11",
                "基础产品": "芝士蛋糕",
                "total_quantity": 13.0
            },
            {
                "order_month": "2023-11",
                "基础产品": "谷物浆",
                "total_quantity": 17.0
            },
            {
                "order_month": "2023-11",
                "基础产品": "贝果",
                "total_quantity": 44.0
            },
            {
                "order_month": "2023-11",
                "基础产品": "雪梨罗汉饮",
                "total_quantity": 134.0
            },
            {
                "order_month": "2023-11",
                "基础产品": "餐饮套餐",
                "total_quantity": 69.0
            },
            {
                "order_month": "2023-11",
                "基础产品": "饭团",
                "total_quantity": 25.0
            },
            {
                "order_month": "2023-11",
                "基础产品": "鲜奶",
                "total_quantity": 37.0
            },
            {
                "order_month": "2023-11",
                "基础产品": "黑匣子脑爆",
                "total_quantity": 19.0
            },
            {
                "order_month": "2023-12",
                "基础产品": "Cappuccino",
                "total_quantity": 104.0
            },
            {
                "order_month": "2023-12",
                "基础产品": "Dirty",
                "total_quantity": 97.0
            },
            {
                "order_month": "2023-12",
                "基础产品": "Espresso",
                "total_quantity": 16.0
            },
            {
                "order_month": "2023-12",
                "基础产品": "Lungo",
                "total_quantity": 69.0
            },
            {
                "order_month": "2023-12",
                "基础产品": "会议室",
                "total_quantity": 43.0
            },
            {
                "order_month": "2023-12",
                "基础产品": "其他",
                "total_quantity": 49.0
            },
            {
                "order_month": "2023-12",
                "基础产品": "冰淇淋",
                "total_quantity": 12.0
            },
            {
                "order_month": "2023-12",
                "基础产品": "可塔朵",
                "total_quantity": 37.0
            },
            {
                "order_month": "2023-12",
                "基础产品": "可颂",
                "total_quantity": 33.0
            },
            {
                "order_month": "2023-12",
                "基础产品": "吐司",
                "total_quantity": 21.0
            },
            {
                "order_month": "2023-12",
                "基础产品": "图书馆",
                "total_quantity": 94.0
            },
            {
                "order_month": "2023-12",
                "基础产品": "场景套餐",
                "total_quantity": 15.0
            },
            {
                "order_month": "2023-12",
                "基础产品": "套餐",
                "total_quantity": 168.0
            },
            {
                "order_month": "2023-12",
                "基础产品": "巧克力",
                "total_quantity": 86.0
            },
            {
                "order_month": "2023-12",
                "基础产品": "布朗尼",
                "total_quantity": 58.0
            },
            {
                "order_month": "2023-12",
                "基础产品": "希腊酸奶",
                "total_quantity": 79.0
            },
            {
                "order_month": "2023-12",
                "基础产品": "心流舱",
                "total_quantity": 108.0
            },
            {
                "order_month": "2023-12",
                "基础产品": "抹茶拿铁",
                "total_quantity": 32.0
            },
            {
                "order_month": "2023-12",
                "基础产品": "拿铁",
                "total_quantity": 717.0
            },
            {
                "order_month": "2023-12",
                "基础产品": "摩卡",
                "total_quantity": 76.0
            },
            {
                "order_month": "2023-12",
                "基础产品": "波斯茶",
                "total_quantity": 202.0
            },
            {
                "order_month": "2023-12",
                "基础产品": "浅烘豆",
                "total_quantity": 2.0
            },
            {
                "order_month": "2023-12",
                "基础产品": "澳白",
                "total_quantity": 281.0
            },
            {
                "order_month": "2023-12",
                "基础产品": "热巧克力",
                "total_quantity": 91.0
            },
            {
                "order_month": "2023-12",
                "基础产品": "热红酒",
                "total_quantity": 125.0
            },
            {
                "order_month": "2023-12",
                "基础产品": "焦糖玛奇朵",
                "total_quantity": 75.0
            },
            {
                "order_month": "2023-12",
                "基础产品": "燕麦饮",
                "total_quantity": 90.0
            },
            {
                "order_month": "2023-12",
                "基础产品": "白茶",
                "total_quantity": 5.0
            },
            {
                "order_month": "2023-12",
                "基础产品": "红茶黑巧冰激凌 + 碧果仁黄油脆",
                "total_quantity": 29.0
            },
            {
                "order_month": "2023-12",
                "基础产品": "美式",
                "total_quantity": 278.0
            },
            {
                "order_month": "2023-12",
                "基础产品": "芝士蛋糕",
                "total_quantity": 43.0
            },
            {
                "order_month": "2023-12",
                "基础产品": "贝果",
                "total_quantity": 67.0
            },
            {
                "order_month": "2023-12",
                "基础产品": "雪梨罗汉饮",
                "total_quantity": 198.0
            },
            {
                "order_month": "2023-12",
                "基础产品": "餐饮套餐",
                "total_quantity": 99.0
            },
            {
                "order_month": "2023-12",
                "基础产品": "鲜奶",
                "total_quantity": 73.0
            },
            {
                "order_month": "2023-12",
                "基础产品": "黄油可颂",
                "total_quantity": 22.0
            },
            {
                "order_month": "2023-12",
                "基础产品": "黑匣子脑爆",
                "total_quantity": 19.0
            },
            {
                "order_month": "2024-01",
                "基础产品": "Cappuccino",
                "total_quantity": 73.0
            },
            {
                "order_month": "2024-01",
                "基础产品": "Dirty",
                "total_quantity": 103.0
            },
            {
                "order_month": "2024-01",
                "基础产品": "Espresso",
                "total_quantity": 4.0
            },
            {
                "order_month": "2024-01",
                "基础产品": "Lungo",
                "total_quantity": 37.0
            },
            {
                "order_month": "2024-01",
                "基础产品": "会议室",
                "total_quantity": 53.0
            },
            {
                "order_month": "2024-01",
                "基础产品": "其他",
                "total_quantity": 37.0
            },
            {
                "order_month": "2024-01",
                "基础产品": "冰淇淋",
                "total_quantity": 23.0
            },
            {
                "order_month": "2024-01",
                "基础产品": "可塔朵",
                "total_quantity": 33.0
            },
            {
                "order_month": "2024-01",
                "基础产品": "图书馆",
                "total_quantity": 18.0
            },
            {
                "order_month": "2024-01",
                "基础产品": "场景套餐",
                "total_quantity": 1.0
            },
            {
                "order_month": "2024-01",
                "基础产品": "坚果果干",
                "total_quantity": 8.0
            },
            {
                "order_month": "2024-01",
                "基础产品": "套餐",
                "total_quantity": 168.0
            },
            {
                "order_month": "2024-01",
                "基础产品": "布朗尼",
                "total_quantity": 21.0
            },
            {
                "order_month": "2024-01",
                "基础产品": "希腊酸奶",
                "total_quantity": 69.0
            },
            {
                "order_month": "2024-01",
                "基础产品": "心流舱",
                "total_quantity": 67.0
            },
            {
                "order_month": "2024-01",
                "基础产品": "抹茶拿铁",
                "total_quantity": 45.0
            },
            {
                "order_month": "2024-01",
                "基础产品": "拿铁",
                "total_quantity": 449.0
            },
            {
                "order_month": "2024-01",
                "基础产品": "摩卡",
                "total_quantity": 84.0
            },
            {
                "order_month": "2024-01",
                "基础产品": "波斯茶",
                "total_quantity": 173.0
            },
            {
                "order_month": "2024-01",
                "基础产品": "深烘豆",
                "total_quantity": 2.0
            },
            {
                "order_month": "2024-01",
                "基础产品": "漂浮露台会客厅",
                "total_quantity": 1.0
            },
            {
                "order_month": "2024-01",
                "基础产品": "澳白",
                "total_quantity": 177.0
            },
            {
                "order_month": "2024-01",
                "基础产品": "热巧克力",
                "total_quantity": 69.0
            },
            {
                "order_month": "2024-01",
                "基础产品": "热红酒",
                "total_quantity": 74.0
            },
            {
                "order_month": "2024-01",
                "基础产品": "焦糖玛奇朵",
                "total_quantity": 52.0
            },
            {
                "order_month": "2024-01",
                "基础产品": "燕麦饮",
                "total_quantity": 36.0
            },
            {
                "order_month": "2024-01",
                "基础产品": "肉桂卷",
                "total_quantity": 12.0
            },
            {
                "order_month": "2024-01",
                "基础产品": "芝士蛋糕",
                "total_quantity": 33.0
            },
            {
                "order_month": "2024-01",
                "基础产品": "蓝莓",
                "total_quantity": 12.0
            },
            {
                "order_month": "2024-01",
                "基础产品": "贝果",
                "total_quantity": 42.0
            },
            {
                "order_month": "2024-01",
                "基础产品": "雪梨罗汉饮",
                "total_quantity": 231.0
            },
            {
                "order_month": "2024-01",
                "基础产品": "餐饮套餐",
                "total_quantity": 58.0
            },
            {
                "order_month": "2024-01",
                "基础产品": "鲜奶",
                "total_quantity": 35.0
            },
            {
                "order_month": "2024-01",
                "基础产品": "黄油可颂",
                "total_quantity": 48.0
            },
            {
                "order_month": "2024-01",
                "基础产品": "黑匣子",
                "total_quantity": 3.0
            },
            {
                "order_month": "2024-01",
                "基础产品": "黑匣子脑爆",
                "total_quantity": 45.0
            },
            {
                "order_month": "2024-02",
                "基础产品": "Cappuccino",
                "total_quantity": 41.0
            },
            {
                "order_month": "2024-02",
                "基础产品": "Dirty",
                "total_quantity": 69.0
            },
            {
                "order_month": "2024-02",
                "基础产品": "Espresso",
                "total_quantity": 22.0
            },
            {
                "order_month": "2024-02",
                "基础产品": "Lungo",
                "total_quantity": 37.0
            },
            {
                "order_month": "2024-02",
                "基础产品": "scone",
                "total_quantity": 39.0
            },
            {
                "order_month": "2024-02",
                "基础产品": "会议室",
                "total_quantity": 11.0
            },
            {
                "order_month": "2024-02",
                "基础产品": "其他",
                "total_quantity": 29.0
            },
            {
                "order_month": "2024-02",
                "基础产品": "冰淇淋",
                "total_quantity": 62.0
            },
            {
                "order_month": "2024-02",
                "基础产品": "华夫",
                "total_quantity": 3.0
            },
            {
                "order_month": "2024-02",
                "基础产品": "可塔朵",
                "total_quantity": 37.0
            },
            {
                "order_month": "2024-02",
                "基础产品": "坚果果干",
                "total_quantity": 11.0
            },
            {
                "order_month": "2024-02",
                "基础产品": "套餐",
                "total_quantity": 160.0
            },
            {
                "order_month": "2024-02",
                "基础产品": "布朗尼",
                "total_quantity": 70.0
            },
            {
                "order_month": "2024-02",
                "基础产品": "希腊酸奶",
                "total_quantity": 60.0
            },
            {
                "order_month": "2024-02",
                "基础产品": "心流舱",
                "total_quantity": 18.0
            },
            {
                "order_month": "2024-02",
                "基础产品": "抹茶拿铁",
                "total_quantity": 46.0
            },
            {
                "order_month": "2024-02",
                "基础产品": "拿铁",
                "total_quantity": 342.0
            },
            {
                "order_month": "2024-02",
                "基础产品": "摩卡",
                "total_quantity": 77.0
            },
            {
                "order_month": "2024-02",
                "基础产品": "波斯茶",
                "total_quantity": 20.0
            },
            {
                "order_month": "2024-02",
                "基础产品": "漂浮露台会客厅",
                "total_quantity": 13.0
            },
            {
                "order_month": "2024-02",
                "基础产品": "澳白",
                "total_quantity": 117.0
            },
            {
                "order_month": "2024-02",
                "基础产品": "热巧克力",
                "total_quantity": 62.0
            },
            {
                "order_month": "2024-02",
                "基础产品": "热红酒",
                "total_quantity": 47.0
            },
            {
                "order_month": "2024-02",
                "基础产品": "焦糖玛奇朵",
                "total_quantity": 40.0
            },
            {
                "order_month": "2024-02",
                "基础产品": "煎茶",
                "total_quantity": 70.0
            },
            {
                "order_month": "2024-02",
                "基础产品": "燕麦饮",
                "total_quantity": 28.0
            },
            {
                "order_month": "2024-02",
                "基础产品": "肉桂卷",
                "total_quantity": 33.0
            },
            {
                "order_month": "2024-02",
                "基础产品": "芝士蛋糕",
                "total_quantity": 46.0
            },
            {
                "order_month": "2024-02",
                "基础产品": "花椒海盐卷",
                "total_quantity": 27.0
            },
            {
                "order_month": "2024-02",
                "基础产品": "蓝莓",
                "total_quantity": 11.0
            },
            {
                "order_month": "2024-02",
                "基础产品": "贝果",
                "total_quantity": 25.0
            },
            {
                "order_month": "2024-02",
                "基础产品": "雪梨罗汉饮",
                "total_quantity": 118.0
            },
            {
                "order_month": "2024-02",
                "基础产品": "餐饮套餐",
                "total_quantity": 103.0
            },
            {
                "order_month": "2024-02",
                "基础产品": "鲜奶",
                "total_quantity": 9.0
            },
            {
                "order_month": "2024-02",
                "基础产品": "黄油可颂",
                "total_quantity": 14.0
            },
            {
                "order_month": "2024-02",
                "基础产品": "黑匣子",
                "total_quantity": 10.0
            },
            {
                "order_month": "2024-03",
                "基础产品": "Cappuccino",
                "total_quantity": 55.0
            },
            {
                "order_month": "2024-03",
                "基础产品": "Dirty",
                "total_quantity": 237.0
            },
            {
                "order_month": "2024-03",
                "基础产品": "Espresso",
                "total_quantity": 41.0
            },
            {
                "order_month": "2024-03",
                "基础产品": "Lungo",
                "total_quantity": 112.0
            },
            {
                "order_month": "2024-03",
                "基础产品": "SOE 一豆两喝",
                "total_quantity": 45.0
            },
            {
                "order_month": "2024-03",
                "基础产品": "SOE 水洗哥伦比亚",
                "total_quantity": 13.0
            },
            {
                "order_month": "2024-03",
                "基础产品": "SOE 水洗肯尼亚",
                "total_quantity": 15.0
            },
            {
                "order_month": "2024-03",
                "基础产品": "scone",
                "total_quantity": 214.0
            },
            {
                "order_month": "2024-03",
                "基础产品": "云朵",
                "total_quantity": 14.0
            },
            {
                "order_month": "2024-03",
                "基础产品": "会议室",
                "total_quantity": 18.0
            },
            {
                "order_month": "2024-03",
                "基础产品": "其他",
                "total_quantity": 44.0
            },
            {
                "order_month": "2024-03",
                "基础产品": "冰淇凌",
                "total_quantity": 85.0
            },
            {
                "order_month": "2024-03",
                "基础产品": "冰淇淋",
                "total_quantity": 69.0
            },
            {
                "order_month": "2024-03",
                "基础产品": "华夫",
                "total_quantity": 51.0
            },
            {
                "order_month": "2024-03",
                "基础产品": "可塔朵",
                "total_quantity": 61.0
            },
            {
                "order_month": "2024-03",
                "基础产品": "图书馆",
                "total_quantity": 117.0
            },
            {
                "order_month": "2024-03",
                "基础产品": "场景套餐",
                "total_quantity": 48.0
            },
            {
                "order_month": "2024-03",
                "基础产品": "套餐",
                "total_quantity": 277.0
            },
            {
                "order_month": "2024-03",
                "基础产品": "巧克力",
                "total_quantity": 49.0
            },
            {
                "order_month": "2024-03",
                "基础产品": "布朗尼",
                "total_quantity": 55.0
            },
            {
                "order_month": "2024-03",
                "基础产品": "希腊酸奶",
                "total_quantity": 138.0
            },
            {
                "order_month": "2024-03",
                "基础产品": "心流舱",
                "total_quantity": 68.0
            },
            {
                "order_month": "2024-03",
                "基础产品": "慕斯",
                "total_quantity": 17.0
            },
            {
                "order_month": "2024-03",
                "基础产品": "抹茶拿铁",
                "total_quantity": 71.0
            },
            {
                "order_month": "2024-03",
                "基础产品": "拿铁",
                "total_quantity": 1086.0
            },
            {
                "order_month": "2024-03",
                "基础产品": "格拉纳瑰夏",
                "total_quantity": 55.0
            },
            {
                "order_month": "2024-03",
                "基础产品": "深烘豆",
                "total_quantity": 5.0
            },
            {
                "order_month": "2024-03",
                "基础产品": "漂浮露台会客厅",
                "total_quantity": 21.0
            },
            {
                "order_month": "2024-03",
                "基础产品": "澳白",
                "total_quantity": 251.0
            },
            {
                "order_month": "2024-03",
                "基础产品": "煎茶",
                "total_quantity": 177.0
            },
            {
                "order_month": "2024-03",
                "基础产品": "白葡萄酒",
                "total_quantity": 1.0
            },
            {
                "order_month": "2024-03",
                "基础产品": "美式",
                "total_quantity": 5.0
            },
            {
                "order_month": "2024-03",
                "基础产品": "肉桂卷",
                "total_quantity": 117.0
            },
            {
                "order_month": "2024-03",
                "基础产品": "芝士蛋糕",
                "total_quantity": 5.0
            },
            {
                "order_month": "2024-03",
                "基础产品": "花椒海盐卷",
                "total_quantity": 116.0
            },
            {
                "order_month": "2024-03",
                "基础产品": "茉莉陈皮茶",
                "total_quantity": 98.0
            },
            {
                "order_month": "2024-03",
                "基础产品": "蓝莓",
                "total_quantity": 2.0
            },
            {
                "order_month": "2024-03",
                "基础产品": "贝果",
                "total_quantity": 91.0
            },
            {
                "order_month": "2024-03",
                "基础产品": "雪梨罗汉饮",
                "total_quantity": 185.0
            },
            {
                "order_month": "2024-03",
                "基础产品": "餐盒费",
                "total_quantity": 5.5
            },
            {
                "order_month": "2024-03",
                "基础产品": "餐饮套餐",
                "total_quantity": 83.0
            },
            {
                "order_month": "2024-03",
                "基础产品": "鲜奶",
                "total_quantity": 35.0
            },
            {
                "order_month": "2024-03",
                "基础产品": "黑匣子",
                "total_quantity": 24.0
            },
            {
                "order_month": "2024-04",
                "基础产品": "Cappuccino",
                "total_quantity": 49.0
            },
            {
                "order_month": "2024-04",
                "基础产品": "Dirty",
                "total_quantity": 261.0
            },
            {
                "order_month": "2024-04",
                "基础产品": "Espresso",
                "total_quantity": 27.0
            },
            {
                "order_month": "2024-04",
                "基础产品": "Lungo",
                "total_quantity": 107.0
            },
            {
                "order_month": "2024-04",
                "基础产品": "SOE 一豆两喝",
                "total_quantity": 27.0
            },
            {
                "order_month": "2024-04",
                "基础产品": "SOE 水洗哥伦比亚",
                "total_quantity": 29.0
            },
            {
                "order_month": "2024-04",
                "基础产品": "scone",
                "total_quantity": 182.0
            },
            {
                "order_month": "2024-04",
                "基础产品": "中浅烘豆",
                "total_quantity": 1.0
            },
            {
                "order_month": "2024-04",
                "基础产品": "会议室",
                "total_quantity": 4.0
            },
            {
                "order_month": "2024-04",
                "基础产品": "其他",
                "total_quantity": 54.0
            },
            {
                "order_month": "2024-04",
                "基础产品": "冰淇凌",
                "total_quantity": 62.0
            },
            {
                "order_month": "2024-04",
                "基础产品": "冰淇淋",
                "total_quantity": 62.0
            },
            {
                "order_month": "2024-04",
                "基础产品": "华夫",
                "total_quantity": 52.0
            },
            {
                "order_month": "2024-04",
                "基础产品": "可塔朵",
                "total_quantity": 72.0
            },
            {
                "order_month": "2024-04",
                "基础产品": "图书馆",
                "total_quantity": 175.0
            },
            {
                "order_month": "2024-04",
                "基础产品": "场景套餐",
                "total_quantity": 91.0
            },
            {
                "order_month": "2024-04",
                "基础产品": "套餐",
                "total_quantity": 195.0
            },
            {
                "order_month": "2024-04",
                "基础产品": "巧克力",
                "total_quantity": 58.0
            },
            {
                "order_month": "2024-04",
                "基础产品": "布朗尼",
                "total_quantity": 70.0
            },
            {
                "order_month": "2024-04",
                "基础产品": "希腊酸奶",
                "total_quantity": 111.0
            },
            {
                "order_month": "2024-04",
                "基础产品": "心流舱",
                "total_quantity": 87.0
            },
            {
                "order_month": "2024-04",
                "基础产品": "抹茶拿铁",
                "total_quantity": 116.0
            },
            {
                "order_month": "2024-04",
                "基础产品": "拿铁",
                "total_quantity": 756.0
            },
            {
                "order_month": "2024-04",
                "基础产品": "格拉纳瑰夏",
                "total_quantity": 41.0
            },
            {
                "order_month": "2024-04",
                "基础产品": "深烘豆",
                "total_quantity": 2.0
            },
            {
                "order_month": "2024-04",
                "基础产品": "漂浮露台会客厅",
                "total_quantity": 21.0
            },
            {
                "order_month": "2024-04",
                "基础产品": "澳白",
                "total_quantity": 173.0
            },
            {
                "order_month": "2024-04",
                "基础产品": "煎茶",
                "total_quantity": 184.0
            },
            {
                "order_month": "2024-04",
                "基础产品": "白茶",
                "total_quantity": 8.0
            },
            {
                "order_month": "2024-04",
                "基础产品": "白葡萄酒",
                "total_quantity": 12.0
            },
            {
                "order_month": "2024-04",
                "基础产品": "美式",
                "total_quantity": 17.0
            },
            {
                "order_month": "2024-04",
                "基础产品": "肉桂卷",
                "total_quantity": 118.0
            },
            {
                "order_month": "2024-04",
                "基础产品": "花椒海盐卷",
                "total_quantity": 90.0
            },
            {
                "order_month": "2024-04",
                "基础产品": "茉莉陈皮茶",
                "total_quantity": 70.0
            },
            {
                "order_month": "2024-04",
                "基础产品": "贝果",
                "total_quantity": 55.0
            },
            {
                "order_month": "2024-04",
                "基础产品": "雪梨罗汉饮",
                "total_quantity": 158.0
            },
            {
                "order_month": "2024-04",
                "基础产品": "餐盒费",
                "total_quantity": 4.0
            },
            {
                "order_month": "2024-04",
                "基础产品": "餐饮套餐",
                "total_quantity": 49.0
            },
            {
                "order_month": "2024-04",
                "基础产品": "鲜奶",
                "total_quantity": 43.0
            },
            {
                "order_month": "2024-04",
                "基础产品": "黑匣子",
                "total_quantity": 4.0
            },
            {
                "order_month": "2024-05",
                "基础产品": "Cappuccino",
                "total_quantity": 31.0
            },
            {
                "order_month": "2024-05",
                "基础产品": "Dirty",
                "total_quantity": 260.0
            },
            {
                "order_month": "2024-05",
                "基础产品": "Espresso",
                "total_quantity": 10.0
            },
            {
                "order_month": "2024-05",
                "基础产品": "Lungo",
                "total_quantity": 32.0
            },
            {
                "order_month": "2024-05",
                "基础产品": "SOE",
                "total_quantity": 16.0
            },
            {
                "order_month": "2024-05",
                "基础产品": "SOE 一豆两喝",
                "total_quantity": 30.0
            },
            {
                "order_month": "2024-05",
                "基础产品": "SOE 水洗哥伦比亚",
                "total_quantity": 7.0
            },
            {
                "order_month": "2024-05",
                "基础产品": "scone",
                "total_quantity": 190.0
            },
            {
                "order_month": "2024-05",
                "基础产品": "中浅烘豆",
                "total_quantity": 2.0
            },
            {
                "order_month": "2024-05",
                "基础产品": "乳酪芝士",
                "total_quantity": 33.0
            },
            {
                "order_month": "2024-05",
                "基础产品": "会议室",
                "total_quantity": 18.0
            },
            {
                "order_month": "2024-05",
                "基础产品": "其他",
                "total_quantity": 111.0
            },
            {
                "order_month": "2024-05",
                "基础产品": "冰淇凌",
                "total_quantity": 119.0
            },
            {
                "order_month": "2024-05",
                "基础产品": "冰淇淋",
                "total_quantity": 30.0
            },
            {
                "order_month": "2024-05",
                "基础产品": "冷萃茶",
                "total_quantity": 41.0
            },
            {
                "order_month": "2024-05",
                "基础产品": "华夫",
                "total_quantity": 57.0
            },
            {
                "order_month": "2024-05",
                "基础产品": "卡布奇诺",
                "total_quantity": 13.0
            },
            {
                "order_month": "2024-05",
                "基础产品": "可塔朵",
                "total_quantity": 41.0
            },
            {
                "order_month": "2024-05",
                "基础产品": "吐司",
                "total_quantity": 45.0
            },
            {
                "order_month": "2024-05",
                "基础产品": "哥伦比亚",
                "total_quantity": 8.0
            },
            {
                "order_month": "2024-05",
                "基础产品": "图书馆",
                "total_quantity": 201.0
            },
            {
                "order_month": "2024-05",
                "基础产品": "场景套餐",
                "total_quantity": 65.0
            },
            {
                "order_month": "2024-05",
                "基础产品": "埃塞俄比亚",
                "total_quantity": 16.0
            },
            {
                "order_month": "2024-05",
                "基础产品": "套餐",
                "total_quantity": 199.0
            },
            {
                "order_month": "2024-05",
                "基础产品": "巧克力",
                "total_quantity": 189.0
            },
            {
                "order_month": "2024-05",
                "基础产品": "巧克力蛋糕",
                "total_quantity": 17.0
            },
            {
                "order_month": "2024-05",
                "基础产品": "布朗尼",
                "total_quantity": 19.0
            },
            {
                "order_month": "2024-05",
                "基础产品": "希腊酸奶",
                "total_quantity": 140.0
            },
            {
                "order_month": "2024-05",
                "基础产品": "心流舱",
                "total_quantity": 90.0
            },
            {
                "order_month": "2024-05",
                "基础产品": "抹茶拿铁",
                "total_quantity": 40.0
            },
            {
                "order_month": "2024-05",
                "基础产品": "拿铁",
                "total_quantity": 857.0
            },
            {
                "order_month": "2024-05",
                "基础产品": "格拉纳瑰夏",
                "total_quantity": 14.0
            },
            {
                "order_month": "2024-05",
                "基础产品": "深烘豆",
                "total_quantity": 3.0
            },
            {
                "order_month": "2024-05",
                "基础产品": "漂浮露台会客厅",
                "total_quantity": 6.0
            },
            {
                "order_month": "2024-05",
                "基础产品": "澳白",
                "total_quantity": 200.0
            },
            {
                "order_month": "2024-05",
                "基础产品": "煎茶",
                "total_quantity": 153.0
            },
            {
                "order_month": "2024-05",
                "基础产品": "瑰夏",
                "total_quantity": 9.0
            },
            {
                "order_month": "2024-05",
                "基础产品": "白茶",
                "total_quantity": 180.0
            },
            {
                "order_month": "2024-05",
                "基础产品": "白葡萄酒",
                "total_quantity": 14.0
            },
            {
                "order_month": "2024-05",
                "基础产品": "美式",
                "total_quantity": 819.0
            },
            {
                "order_month": "2024-05",
                "基础产品": "耶加雪菲",
                "total_quantity": 19.0
            },
            {
                "order_month": "2024-05",
                "基础产品": "肉桂卷",
                "total_quantity": 121.0
            },
            {
                "order_month": "2024-05",
                "基础产品": "自助水",
                "total_quantity": 16.0
            },
            {
                "order_month": "2024-05",
                "基础产品": "芝士蛋糕",
                "total_quantity": 9.0
            },
            {
                "order_month": "2024-05",
                "基础产品": "花椒海盐卷",
                "total_quantity": 92.0
            },
            {
                "order_month": "2024-05",
                "基础产品": "茉莉陈皮茶",
                "total_quantity": 23.0
            },
            {
                "order_month": "2024-05",
                "基础产品": "蛋糕",
                "total_quantity": 4.0
            },
            {
                "order_month": "2024-05",
                "基础产品": "贝果",
                "total_quantity": 43.0
            },
            {
                "order_month": "2024-05",
                "基础产品": "雪梨罗汉饮",
                "total_quantity": 138.0
            },
            {
                "order_month": "2024-05",
                "基础产品": "餐盒费",
                "total_quantity": 2.0
            },
            {
                "order_month": "2024-05",
                "基础产品": "餐饮套餐",
                "total_quantity": 99.0
            },
            {
                "order_month": "2024-05",
                "基础产品": "鲜奶",
                "total_quantity": 16.0
            },
            {
                "order_month": "2024-05",
                "基础产品": "黑匣子",
                "total_quantity": 8.0
            },
            {
                "order_month": "2024-05",
                "基础产品": "黑匣子脑爆",
                "total_quantity": 4.0
            },
            {
                "order_month": "2024-05",
                "基础产品": "黑白配",
                "total_quantity": 2.0
            },
            {
                "order_month": "2024-06",
                "基础产品": "Dirty",
                "total_quantity": 211.0
            },
            {
                "order_month": "2024-06",
                "基础产品": "Espresso",
                "total_quantity": 258.0
            },
            {
                "order_month": "2024-06",
                "基础产品": "Lungo",
                "total_quantity": 6.0
            },
            {
                "order_month": "2024-06",
                "基础产品": "SOE 一豆两喝",
                "total_quantity": 24.0
            },
            {
                "order_month": "2024-06",
                "基础产品": "scone",
                "total_quantity": 149.0
            },
            {
                "order_month": "2024-06",
                "基础产品": "中浅烘豆",
                "total_quantity": 3.0
            },
            {
                "order_month": "2024-06",
                "基础产品": "乳酪芝士",
                "total_quantity": 105.0
            },
            {
                "order_month": "2024-06",
                "基础产品": "会议室",
                "total_quantity": 13.0
            },
            {
                "order_month": "2024-06",
                "基础产品": "伯爵红茶",
                "total_quantity": 84.0
            },
            {
                "order_month": "2024-06",
                "基础产品": "其他",
                "total_quantity": 20.0
            },
            {
                "order_month": "2024-06",
                "基础产品": "冰淇凌",
                "total_quantity": 134.0
            },
            {
                "order_month": "2024-06",
                "基础产品": "冷萃茶",
                "total_quantity": 79.0
            },
            {
                "order_month": "2024-06",
                "基础产品": "华夫",
                "total_quantity": 80.0
            },
            {
                "order_month": "2024-06",
                "基础产品": "卡布奇诺",
                "total_quantity": 6.0
            },
            {
                "order_month": "2024-06",
                "基础产品": "可塔朵",
                "total_quantity": 6.0
            },
            {
                "order_month": "2024-06",
                "基础产品": "吐司",
                "total_quantity": 164.0
            },
            {
                "order_month": "2024-06",
                "基础产品": "哥伦比亚",
                "total_quantity": 38.0
            },
            {
                "order_month": "2024-06",
                "基础产品": "图书馆",
                "total_quantity": 303.0
            },
            {
                "order_month": "2024-06",
                "基础产品": "埃塞俄比亚",
                "total_quantity": 28.0
            },
            {
                "order_month": "2024-06",
                "基础产品": "套餐",
                "total_quantity": 198.0
            },
            {
                "order_month": "2024-06",
                "基础产品": "巧克力",
                "total_quantity": 206.0
            },
            {
                "order_month": "2024-06",
                "基础产品": "巧克力蛋糕",
                "total_quantity": 78.0
            },
            {
                "order_month": "2024-06",
                "基础产品": "希腊酸奶",
                "total_quantity": 94.0
            },
            {
                "order_month": "2024-06",
                "基础产品": "心流舱",
                "total_quantity": 56.0
            },
            {
                "order_month": "2024-06",
                "基础产品": "拿铁",
                "total_quantity": 776.0
            },
            {
                "order_month": "2024-06",
                "基础产品": "暖胃茶",
                "total_quantity": 51.0
            },
            {
                "order_month": "2024-06",
                "基础产品": "深烘豆",
                "total_quantity": 0.0
            },
            {
                "order_month": "2024-06",
                "基础产品": "漂浮露台",
                "total_quantity": 13.0
            },
            {
                "order_month": "2024-06",
                "基础产品": "澳白",
                "total_quantity": 155.0
            },
            {
                "order_month": "2024-06",
                "基础产品": "煎茶",
                "total_quantity": 1.0
            },
            {
                "order_month": "2024-06",
                "基础产品": "瑰夏",
                "total_quantity": 20.0
            },
            {
                "order_month": "2024-06",
                "基础产品": "白茶",
                "total_quantity": 272.0
            },
            {
                "order_month": "2024-06",
                "基础产品": "白葡萄酒",
                "total_quantity": 10.0
            },
            {
                "order_month": "2024-06",
                "基础产品": "美式",
                "total_quantity": 1002.0
            },
            {
                "order_month": "2024-06",
                "基础产品": "耶加雪菲",
                "total_quantity": 41.0
            },
            {
                "order_month": "2024-06",
                "基础产品": "肉桂卷",
                "total_quantity": 103.0
            },
            {
                "order_month": "2024-06",
                "基础产品": "自助水",
                "total_quantity": 86.0
            },
            {
                "order_month": "2024-06",
                "基础产品": "花椒海盐卷",
                "total_quantity": 52.0
            },
            {
                "order_month": "2024-06",
                "基础产品": "贝果",
                "total_quantity": 26.0
            },
            {
                "order_month": "2024-06",
                "基础产品": "雪梨罗汉饮",
                "total_quantity": 125.0
            },
            {
                "order_month": "2024-06",
                "基础产品": "餐盒费",
                "total_quantity": 5.5
            },
            {
                "order_month": "2024-06",
                "基础产品": "餐饮套餐",
                "total_quantity": 98.0
            },
            {
                "order_month": "2024-06",
                "基础产品": "鲜奶",
                "total_quantity": 5.0
            },
            {
                "order_month": "2024-06",
                "基础产品": "黑匣子脑爆",
                "total_quantity": 10.0
            },
            {
                "order_month": "2024-07",
                "基础产品": "Dirty",
                "total_quantity": 422.0
            },
            {
                "order_month": "2024-07",
                "基础产品": "Espresso",
                "total_quantity": 388.0
            },
            {
                "order_month": "2024-07",
                "基础产品": "SOE 一豆两喝",
                "total_quantity": 15.0
            },
            {
                "order_month": "2024-07",
                "基础产品": "scone",
                "total_quantity": 115.0
            },
            {
                "order_month": "2024-07",
                "基础产品": "中浅烘豆",
                "total_quantity": 1.0
            },
            {
                "order_month": "2024-07",
                "基础产品": "乳酪芝士",
                "total_quantity": 83.0
            },
            {
                "order_month": "2024-07",
                "基础产品": "会议室",
                "total_quantity": 18.0
            },
            {
                "order_month": "2024-07",
                "基础产品": "伯爵红茶",
                "total_quantity": 64.0
            },
            {
                "order_month": "2024-07",
                "基础产品": "其他",
                "total_quantity": 10.0
            },
            {
                "order_month": "2024-07",
                "基础产品": "冰淇凌",
                "total_quantity": 81.0
            },
            {
                "order_month": "2024-07",
                "基础产品": "冷萃茶",
                "total_quantity": 145.0
            },
            {
                "order_month": "2024-07",
                "基础产品": "华夫",
                "total_quantity": 61.0
            },
            {
                "order_month": "2024-07",
                "基础产品": "卡布奇诺",
                "total_quantity": 2.0
            },
            {
                "order_month": "2024-07",
                "基础产品": "吐司",
                "total_quantity": 159.0
            },
            {
                "order_month": "2024-07",
                "基础产品": "哥伦比亚",
                "total_quantity": 21.0
            },
            {
                "order_month": "2024-07",
                "基础产品": "图书馆",
                "total_quantity": 354.0
            },
            {
                "order_month": "2024-07",
                "基础产品": "埃塞俄比亚",
                "total_quantity": 28.0
            },
            {
                "order_month": "2024-07",
                "基础产品": "套餐",
                "total_quantity": 137.0
            },
            {
                "order_month": "2024-07",
                "基础产品": "巧克力",
                "total_quantity": 148.0
            },
            {
                "order_month": "2024-07",
                "基础产品": "巧克力蛋糕",
                "total_quantity": 52.0
            },
            {
                "order_month": "2024-07",
                "基础产品": "希腊酸奶",
                "total_quantity": 105.0
            },
            {
                "order_month": "2024-07",
                "基础产品": "心流舱",
                "total_quantity": 103.0
            },
            {
                "order_month": "2024-07",
                "基础产品": "拿铁",
                "total_quantity": 575.0
            },
            {
                "order_month": "2024-07",
                "基础产品": "暖胃茶",
                "total_quantity": 43.0
            },
            {
                "order_month": "2024-07",
                "基础产品": "漂浮露台",
                "total_quantity": 13.0
            },
            {
                "order_month": "2024-07",
                "基础产品": "澳白",
                "total_quantity": 69.0
            },
            {
                "order_month": "2024-07",
                "基础产品": "瑰夏",
                "total_quantity": 11.0
            },
            {
                "order_month": "2024-07",
                "基础产品": "白茶",
                "total_quantity": 178.0
            },
            {
                "order_month": "2024-07",
                "基础产品": "美式",
                "total_quantity": 857.0
            },
            {
                "order_month": "2024-07",
                "基础产品": "耶加雪菲",
                "total_quantity": 36.0
            },
            {
                "order_month": "2024-07",
                "基础产品": "肉桂卷",
                "total_quantity": 73.0
            },
            {
                "order_month": "2024-07",
                "基础产品": "自助",
                "total_quantity": 37.0
            },
            {
                "order_month": "2024-07",
                "基础产品": "自助水",
                "total_quantity": 55.0
            },
            {
                "order_month": "2024-07",
                "基础产品": "花椒海盐卷",
                "total_quantity": 53.0
            },
            {
                "order_month": "2024-07",
                "基础产品": "贝果",
                "total_quantity": 23.0
            },
            {
                "order_month": "2024-07",
                "基础产品": "雪梨罗汉饮",
                "total_quantity": 90.0
            },
            {
                "order_month": "2024-07",
                "基础产品": "餐盒费",
                "total_quantity": 2.0
            },
            {
                "order_month": "2024-07",
                "基础产品": "餐饮套餐",
                "total_quantity": 83.0
            },
            {
                "order_month": "2024-07",
                "基础产品": "鲜奶",
                "total_quantity": 1.0
            },
            {
                "order_month": "2024-07",
                "基础产品": "黑匣子脑爆",
                "total_quantity": 23.0
            },
            {
                "order_month": "2024-08",
                "基础产品": "Dirty",
                "total_quantity": 279.0
            },
            {
                "order_month": "2024-08",
                "基础产品": "Espresso",
                "total_quantity": 460.0
            },
            {
                "order_month": "2024-08",
                "基础产品": "SOE 一豆两喝",
                "total_quantity": 18.0
            },
            {
                "order_month": "2024-08",
                "基础产品": "scone",
                "total_quantity": 110.0
            },
            {
                "order_month": "2024-08",
                "基础产品": "东美糕",
                "total_quantity": 56.0
            },
            {
                "order_month": "2024-08",
                "基础产品": "中浅烘豆",
                "total_quantity": 1.0
            },
            {
                "order_month": "2024-08",
                "基础产品": "乳酪芝士",
                "total_quantity": 45.0
            },
            {
                "order_month": "2024-08",
                "基础产品": "会议室",
                "total_quantity": 31.0
            },
            {
                "order_month": "2024-08",
                "基础产品": "伯爵红茶",
                "total_quantity": 47.0
            },
            {
                "order_month": "2024-08",
                "基础产品": "其他",
                "total_quantity": 22.0
            },
            {
                "order_month": "2024-08",
                "基础产品": "冰淇凌",
                "total_quantity": 100.0
            },
            {
                "order_month": "2024-08",
                "基础产品": "冷萃茶",
                "total_quantity": 234.0
            },
            {
                "order_month": "2024-08",
                "基础产品": "华夫",
                "total_quantity": 15.0
            },
            {
                "order_month": "2024-08",
                "基础产品": "卡布奇诺",
                "total_quantity": 1.0
            },
            {
                "order_month": "2024-08",
                "基础产品": "吐司",
                "total_quantity": 136.0
            },
            {
                "order_month": "2024-08",
                "基础产品": "哥伦比亚",
                "total_quantity": 33.0
            },
            {
                "order_month": "2024-08",
                "基础产品": "图书馆",
                "total_quantity": 272.0
            },
            {
                "order_month": "2024-08",
                "基础产品": "埃塞俄比亚",
                "total_quantity": 20.0
            },
            {
                "order_month": "2024-08",
                "基础产品": "套餐",
                "total_quantity": 146.0
            },
            {
                "order_month": "2024-08",
                "基础产品": "巧克力",
                "total_quantity": 84.0
            },
            {
                "order_month": "2024-08",
                "基础产品": "巧克力蛋糕",
                "total_quantity": 3.0
            },
            {
                "order_month": "2024-08",
                "基础产品": "巴黎水",
                "total_quantity": 303.0
            },
            {
                "order_month": "2024-08",
                "基础产品": "希腊酸奶",
                "total_quantity": 97.0
            },
            {
                "order_month": "2024-08",
                "基础产品": "心流舱",
                "total_quantity": 71.0
            },
            {
                "order_month": "2024-08",
                "基础产品": "拿铁",
                "total_quantity": 532.0
            },
            {
                "order_month": "2024-08",
                "基础产品": "提拉米苏",
                "total_quantity": 50.0
            },
            {
                "order_month": "2024-08",
                "基础产品": "早餐套餐",
                "total_quantity": 3.0
            },
            {
                "order_month": "2024-08",
                "基础产品": "暖胃茶",
                "total_quantity": 26.0
            },
            {
                "order_month": "2024-08",
                "基础产品": "树莓红丝绒",
                "total_quantity": 40.0
            },
            {
                "order_month": "2024-08",
                "基础产品": "漂浮露台",
                "total_quantity": 14.0
            },
            {
                "order_month": "2024-08",
                "基础产品": "澳白",
                "total_quantity": 97.0
            },
            {
                "order_month": "2024-08",
                "基础产品": "白茶",
                "total_quantity": 7.0
            },
            {
                "order_month": "2024-08",
                "基础产品": "美式",
                "total_quantity": 838.0
            },
            {
                "order_month": "2024-08",
                "基础产品": "耶加雪菲",
                "total_quantity": 31.0
            },
            {
                "order_month": "2024-08",
                "基础产品": "肉桂卷",
                "total_quantity": 73.0
            },
            {
                "order_month": "2024-08",
                "基础产品": "脆肠包",
                "total_quantity": 61.0
            },
            {
                "order_month": "2024-08",
                "基础产品": "自助",
                "total_quantity": 83.0
            },
            {
                "order_month": "2024-08",
                "基础产品": "花椒海盐卷",
                "total_quantity": 68.0
            },
            {
                "order_month": "2024-08",
                "基础产品": "雪梨罗汉饮",
                "total_quantity": 108.0
            },
            {
                "order_month": "2024-08",
                "基础产品": "餐饮套餐",
                "total_quantity": 70.0
            },
            {
                "order_month": "2024-08",
                "基础产品": "鲜奶",
                "total_quantity": 5.0
            },
            {
                "order_month": "2024-08",
                "基础产品": "黑匣子脑爆",
                "total_quantity": 17.0
            },
            {
                "order_month": "2024-09",
                "基础产品": "Dirty",
                "total_quantity": 250.0
            },
            {
                "order_month": "2024-09",
                "基础产品": "Espresso",
                "total_quantity": 478.0
            },
            {
                "order_month": "2024-09",
                "基础产品": "SOE 一豆两喝",
                "total_quantity": 15.0
            },
            {
                "order_month": "2024-09",
                "基础产品": "scone",
                "total_quantity": 92.0
            },
            {
                "order_month": "2024-09",
                "基础产品": "东美糕",
                "total_quantity": 80.0
            },
            {
                "order_month": "2024-09",
                "基础产品": "中浅烘豆",
                "total_quantity": 3.0
            },
            {
                "order_month": "2024-09",
                "基础产品": "乳酪芝士",
                "total_quantity": 51.0
            },
            {
                "order_month": "2024-09",
                "基础产品": "会议室",
                "total_quantity": 16.0
            },
            {
                "order_month": "2024-09",
                "基础产品": "伯爵红茶",
                "total_quantity": 9.0
            },
            {
                "order_month": "2024-09",
                "基础产品": "其他",
                "total_quantity": 12.0
            },
            {
                "order_month": "2024-09",
                "基础产品": "冰淇凌",
                "total_quantity": 71.0
            },
            {
                "order_month": "2024-09",
                "基础产品": "冷萃茶",
                "total_quantity": 56.0
            },
            {
                "order_month": "2024-09",
                "基础产品": "卡布奇诺",
                "total_quantity": 5.0
            },
            {
                "order_month": "2024-09",
                "基础产品": "双人饮品套餐",
                "total_quantity": 25.0
            },
            {
                "order_month": "2024-09",
                "基础产品": "可塔朵",
                "total_quantity": 1.0
            },
            {
                "order_month": "2024-09",
                "基础产品": "吐司",
                "total_quantity": 140.0
            },
            {
                "order_month": "2024-09",
                "基础产品": "哥伦比亚",
                "total_quantity": 18.0
            },
            {
                "order_month": "2024-09",
                "基础产品": "图书馆",
                "total_quantity": 234.0
            },
            {
                "order_month": "2024-09",
                "基础产品": "埃塞俄比亚",
                "total_quantity": 8.0
            },
            {
                "order_month": "2024-09",
                "基础产品": "巧克力",
                "total_quantity": 81.0
            },
            {
                "order_month": "2024-09",
                "基础产品": "巴黎水",
                "total_quantity": 63.0
            },
            {
                "order_month": "2024-09",
                "基础产品": "希腊酸奶",
                "total_quantity": 102.0
            },
            {
                "order_month": "2024-09",
                "基础产品": "心流舱",
                "total_quantity": 102.0
            },
            {
                "order_month": "2024-09",
                "基础产品": "拿铁",
                "total_quantity": 701.0
            },
            {
                "order_month": "2024-09",
                "基础产品": "提拉米苏",
                "total_quantity": 85.0
            },
            {
                "order_month": "2024-09",
                "基础产品": "早餐套餐",
                "total_quantity": 62.0
            },
            {
                "order_month": "2024-09",
                "基础产品": "暖胃茶",
                "total_quantity": 14.0
            },
            {
                "order_month": "2024-09",
                "基础产品": "气泡水",
                "total_quantity": 312.0
            },
            {
                "order_month": "2024-09",
                "基础产品": "深烘豆",
                "total_quantity": 2.0
            },
            {
                "order_month": "2024-09",
                "基础产品": "漂浮露台",
                "total_quantity": 14.0
            },
            {
                "order_month": "2024-09",
                "基础产品": "澳白",
                "total_quantity": 193.0
            },
            {
                "order_month": "2024-09",
                "基础产品": "热华夫",
                "total_quantity": 30.0
            },
            {
                "order_month": "2024-09",
                "基础产品": "煎茶",
                "total_quantity": 128.0
            },
            {
                "order_month": "2024-09",
                "基础产品": "美式",
                "total_quantity": 1116.0
            },
            {
                "order_month": "2024-09",
                "基础产品": "耶加雪菲",
                "total_quantity": 7.0
            },
            {
                "order_month": "2024-09",
                "基础产品": "肉桂卷",
                "total_quantity": 83.0
            },
            {
                "order_month": "2024-09",
                "基础产品": "脆肠包",
                "total_quantity": 11.0
            },
            {
                "order_month": "2024-09",
                "基础产品": "自助",
                "total_quantity": 89.0
            },
            {
                "order_month": "2024-09",
                "基础产品": "花椒海盐卷",
                "total_quantity": 61.0
            },
            {
                "order_month": "2024-09",
                "基础产品": "雪梨罗汉饮",
                "total_quantity": 95.0
            },
            {
                "order_month": "2024-09",
                "基础产品": "餐饮套餐",
                "total_quantity": 48.0
            },
            {
                "order_month": "2024-09",
                "基础产品": "鲜奶",
                "total_quantity": 40.0
            },
            {
                "order_month": "2024-09",
                "基础产品": "黑匣子脑爆",
                "total_quantity": 18.0
            },
            {
                "order_month": "2024-10",
                "基础产品": "Cappuccino",
                "total_quantity": 131.0
            },
            {
                "order_month": "2024-10",
                "基础产品": "Dirty",
                "total_quantity": 265.0
            },
            {
                "order_month": "2024-10",
                "基础产品": "Espresso",
                "total_quantity": 524.0
            },
            {
                "order_month": "2024-10",
                "基础产品": "SOE",
                "total_quantity": 1.0
            },
            {
                "order_month": "2024-10",
                "基础产品": "scone",
                "total_quantity": 61.0
            },
            {
                "order_month": "2024-10",
                "基础产品": "下午茶",
                "total_quantity": 12.0
            },
            {
                "order_month": "2024-10",
                "基础产品": "中浅烘豆",
                "total_quantity": 1.0
            },
            {
                "order_month": "2024-10",
                "基础产品": "会议室",
                "total_quantity": 10.0
            },
            {
                "order_month": "2024-10",
                "基础产品": "其他",
                "total_quantity": 29.0
            },
            {
                "order_month": "2024-10",
                "基础产品": "冰淇凌",
                "total_quantity": 39.0
            },
            {
                "order_month": "2024-10",
                "基础产品": "华夫",
                "total_quantity": 4.0
            },
            {
                "order_month": "2024-10",
                "基础产品": "卡布奇诺",
                "total_quantity": 45.0
            },
            {
                "order_month": "2024-10",
                "基础产品": "双人饮品套餐",
                "total_quantity": 2.0
            },
            {
                "order_month": "2024-10",
                "基础产品": "可塔朵",
                "total_quantity": 2.0
            },
            {
                "order_month": "2024-10",
                "基础产品": "吐司",
                "total_quantity": 227.0
            },
            {
                "order_month": "2024-10",
                "基础产品": "图书馆",
                "total_quantity": 341.0
            },
            {
                "order_month": "2024-10",
                "基础产品": "巧克力",
                "total_quantity": 87.0
            },
            {
                "order_month": "2024-10",
                "基础产品": "巴斯克",
                "total_quantity": 101.0
            },
            {
                "order_month": "2024-10",
                "基础产品": "巴斯克下午茶",
                "total_quantity": 51.0
            },
            {
                "order_month": "2024-10",
                "基础产品": "希腊酸奶",
                "total_quantity": 76.0
            },
            {
                "order_month": "2024-10",
                "基础产品": "心流舱",
                "total_quantity": 119.0
            },
            {
                "order_month": "2024-10",
                "基础产品": "慕斯",
                "total_quantity": 153.0
            },
            {
                "order_month": "2024-10",
                "基础产品": "拿铁",
                "total_quantity": 946.0
            },
            {
                "order_month": "2024-10",
                "基础产品": "暖胃茶",
                "total_quantity": 117.0
            },
            {
                "order_month": "2024-10",
                "基础产品": "气泡水",
                "total_quantity": 254.0
            },
            {
                "order_month": "2024-10",
                "基础产品": "深烘豆",
                "total_quantity": 2.0
            },
            {
                "order_month": "2024-10",
                "基础产品": "漂浮露台",
                "total_quantity": 2.0
            },
            {
                "order_month": "2024-10",
                "基础产品": "澳白",
                "total_quantity": 347.0
            },
            {
                "order_month": "2024-10",
                "基础产品": "烤华夫火腿芝士",
                "total_quantity": 121.0
            },
            {
                "order_month": "2024-10",
                "基础产品": "热华夫",
                "total_quantity": 22.0
            },
            {
                "order_month": "2024-10",
                "基础产品": "热巧克力",
                "total_quantity": 23.0
            },
            {
                "order_month": "2024-10",
                "基础产品": "煎茶",
                "total_quantity": 217.0
            },
            {
                "order_month": "2024-10",
                "基础产品": "玫瑰茶",
                "total_quantity": 133.0
            },
            {
                "order_month": "2024-10",
                "基础产品": "美式",
                "total_quantity": 918.0
            },
            {
                "order_month": "2024-10",
                "基础产品": "肉桂卷",
                "total_quantity": 65.0
            },
            {
                "order_month": "2024-10",
                "基础产品": "肠仔包",
                "total_quantity": 85.0
            },
            {
                "order_month": "2024-10",
                "基础产品": "自助",
                "total_quantity": 113.0
            },
            {
                "order_month": "2024-10",
                "基础产品": "花椒海盐卷",
                "total_quantity": 6.0
            },
            {
                "order_month": "2024-10",
                "基础产品": "雪梨罗汉饮",
                "total_quantity": 130.0
            },
            {
                "order_month": "2024-10",
                "基础产品": "餐饮套餐",
                "total_quantity": 213.0
            },
            {
                "order_month": "2024-10",
                "基础产品": "鲜奶",
                "total_quantity": 5.0
            },
            {
                "order_month": "2024-10",
                "基础产品": "黄山烧饼",
                "total_quantity": 170.0
            },
            {
                "order_month": "2024-10",
                "基础产品": "黑匣子脑爆",
                "total_quantity": 10.0
            },
            {
                "order_month": "2024-11",
                "基础产品": "Cappuccino",
                "total_quantity": 169.0
            },
            {
                "order_month": "2024-11",
                "基础产品": "Dirty",
                "total_quantity": 249.0
            },
            {
                "order_month": "2024-11",
                "基础产品": "Espresso",
                "total_quantity": 542.0
            },
            {
                "order_month": "2024-11",
                "基础产品": "SOE",
                "total_quantity": 3.0
            },
            {
                "order_month": "2024-11",
                "基础产品": "scone",
                "total_quantity": 8.0
            },
            {
                "order_month": "2024-11",
                "基础产品": "中浅烘豆",
                "total_quantity": 0.0
            },
            {
                "order_month": "2024-11",
                "基础产品": "会议室",
                "total_quantity": 10.0
            },
            {
                "order_month": "2024-11",
                "基础产品": "其他",
                "total_quantity": 16.0
            },
            {
                "order_month": "2024-11",
                "基础产品": "冰淇凌",
                "total_quantity": 27.0
            },
            {
                "order_month": "2024-11",
                "基础产品": "华夫",
                "total_quantity": 31.0
            },
            {
                "order_month": "2024-11",
                "基础产品": "双人饮品套餐",
                "total_quantity": 16.0
            },
            {
                "order_month": "2024-11",
                "基础产品": "吐司",
                "total_quantity": 195.0
            },
            {
                "order_month": "2024-11",
                "基础产品": "图书馆",
                "total_quantity": 163.0
            },
            {
                "order_month": "2024-11",
                "基础产品": "巴斯克",
                "total_quantity": 108.0
            },
            {
                "order_month": "2024-11",
                "基础产品": "巴斯克下午茶",
                "total_quantity": 49.0
            },
            {
                "order_month": "2024-11",
                "基础产品": "希腊酸奶",
                "total_quantity": 50.0
            },
            {
                "order_month": "2024-11",
                "基础产品": "心流舱",
                "total_quantity": 58.0
            },
            {
                "order_month": "2024-11",
                "基础产品": "慕斯",
                "total_quantity": 94.0
            },
            {
                "order_month": "2024-11",
                "基础产品": "拿铁",
                "total_quantity": 985.0
            },
            {
                "order_month": "2024-11",
                "基础产品": "暖胃茶",
                "total_quantity": 126.0
            },
            {
                "order_month": "2024-11",
                "基础产品": "气泡水",
                "total_quantity": 155.0
            },
            {
                "order_month": "2024-11",
                "基础产品": "深烘豆",
                "total_quantity": 1.0
            },
            {
                "order_month": "2024-11",
                "基础产品": "澳白",
                "total_quantity": 354.0
            },
            {
                "order_month": "2024-11",
                "基础产品": "烤华夫火腿芝士",
                "total_quantity": 107.0
            },
            {
                "order_month": "2024-11",
                "基础产品": "热巧克力",
                "total_quantity": 182.0
            },
            {
                "order_month": "2024-11",
                "基础产品": "煎茶",
                "total_quantity": 159.0
            },
            {
                "order_month": "2024-11",
                "基础产品": "玫瑰茶",
                "total_quantity": 155.0
            },
            {
                "order_month": "2024-11",
                "基础产品": "甘香酥脆鸡仔饼",
                "total_quantity": 70.0
            },
            {
                "order_month": "2024-11",
                "基础产品": "美式",
                "total_quantity": 804.0
            },
            {
                "order_month": "2024-11",
                "基础产品": "肉桂卷",
                "total_quantity": 61.0
            },
            {
                "order_month": "2024-11",
                "基础产品": "肠仔包",
                "total_quantity": 90.0
            },
            {
                "order_month": "2024-11",
                "基础产品": "花椒海盐卷",
                "total_quantity": 0.0
            },
            {
                "order_month": "2024-11",
                "基础产品": "雪梨罗汉饮",
                "total_quantity": 149.0
            },
            {
                "order_month": "2024-11",
                "基础产品": "顺德鸡仔饼",
                "total_quantity": 58.0
            },
            {
                "order_month": "2024-11",
                "基础产品": "餐饮套餐",
                "total_quantity": 184.0
            },
            {
                "order_month": "2024-11",
                "基础产品": "鲜奶",
                "total_quantity": 28.0
            },
            {
                "order_month": "2024-11",
                "基础产品": "黄山烧饼",
                "total_quantity": 11.0
            },
            {
                "order_month": "2024-11",
                "基础产品": "黑匣子脑爆",
                "total_quantity": 7.0
            },
            {
                "order_month": "2024-12",
                "基础产品": "Cappuccino",
                "total_quantity": 19.0
            },
            {
                "order_month": "2024-12",
                "基础产品": "Dirty",
                "total_quantity": 197.0
            },
            {
                "order_month": "2024-12",
                "基础产品": "Espresso",
                "total_quantity": 1062.0
            },
            {
                "order_month": "2024-12",
                "基础产品": "中浅烘豆",
                "total_quantity": 0.0
            },
            {
                "order_month": "2024-12",
                "基础产品": "会议室",
                "total_quantity": 16.0
            },
            {
                "order_month": "2024-12",
                "基础产品": "其他",
                "total_quantity": 91.0
            },
            {
                "order_month": "2024-12",
                "基础产品": "冰淇凌",
                "total_quantity": 21.0
            },
            {
                "order_month": "2024-12",
                "基础产品": "华夫",
                "total_quantity": 38.0
            },
            {
                "order_month": "2024-12",
                "基础产品": "单人时光",
                "total_quantity": 55.0
            },
            {
                "order_month": "2024-12",
                "基础产品": "双人饮品套餐",
                "total_quantity": 2.0
            },
            {
                "order_month": "2024-12",
                "基础产品": "可塔朵",
                "total_quantity": 1.0
            },
            {
                "order_month": "2024-12",
                "基础产品": "吐司",
                "total_quantity": 31.0
            },
            {
                "order_month": "2024-12",
                "基础产品": "咖啡豆",
                "total_quantity": 1.0
            },
            {
                "order_month": "2024-12",
                "基础产品": "图书馆",
                "total_quantity": 195.0
            },
            {
                "order_month": "2024-12",
                "基础产品": "套餐",
                "total_quantity": 308.0
            },
            {
                "order_month": "2024-12",
                "基础产品": "奶茶",
                "total_quantity": 71.0
            },
            {
                "order_month": "2024-12",
                "基础产品": "巧克力",
                "total_quantity": 55.0
            },
            {
                "order_month": "2024-12",
                "基础产品": "巴斯克",
                "total_quantity": 44.0
            },
            {
                "order_month": "2024-12",
                "基础产品": "巴斯克下午茶",
                "total_quantity": 9.0
            },
            {
                "order_month": "2024-12",
                "基础产品": "希腊酸奶",
                "total_quantity": 68.0
            },
            {
                "order_month": "2024-12",
                "基础产品": "心流舱",
                "total_quantity": 97.0
            },
            {
                "order_month": "2024-12",
                "基础产品": "慕斯",
                "total_quantity": 19.0
            },
            {
                "order_month": "2024-12",
                "基础产品": "拿铁",
                "total_quantity": 808.0
            },
            {
                "order_month": "2024-12",
                "基础产品": "正山小种",
                "total_quantity": 136.0
            },
            {
                "order_month": "2024-12",
                "基础产品": "气泡水",
                "total_quantity": 152.0
            },
            {
                "order_month": "2024-12",
                "基础产品": "江西糯米糍粑",
                "total_quantity": 197.0
            },
            {
                "order_month": "2024-12",
                "基础产品": "波士茶",
                "total_quantity": 127.0
            },
            {
                "order_month": "2024-12",
                "基础产品": "海盐包",
                "total_quantity": 46.0
            },
            {
                "order_month": "2024-12",
                "基础产品": "海盐卷",
                "total_quantity": 133.0
            },
            {
                "order_month": "2024-12",
                "基础产品": "深烘豆",
                "total_quantity": 1.0
            },
            {
                "order_month": "2024-12",
                "基础产品": "漂浮露台",
                "total_quantity": 1.0
            },
            {
                "order_month": "2024-12",
                "基础产品": "澳白",
                "total_quantity": 364.0
            },
            {
                "order_month": "2024-12",
                "基础产品": "烤华夫火腿芝士",
                "total_quantity": 129.0
            },
            {
                "order_month": "2024-12",
                "基础产品": "烤红薯",
                "total_quantity": 96.0
            },
            {
                "order_month": "2024-12",
                "基础产品": "热巧克力",
                "total_quantity": 143.0
            },
            {
                "order_month": "2024-12",
                "基础产品": "热红酒",
                "total_quantity": 109.0
            },
            {
                "order_month": "2024-12",
                "基础产品": "玫瑰茶",
                "total_quantity": 117.0
            },
            {
                "order_month": "2024-12",
                "基础产品": "美式",
                "total_quantity": 693.0
            },
            {
                "order_month": "2024-12",
                "基础产品": "肉桂卷",
                "total_quantity": 116.0
            },
            {
                "order_month": "2024-12",
                "基础产品": "肉桂茶",
                "total_quantity": 175.0
            },
            {
                "order_month": "2024-12",
                "基础产品": "肠仔包",
                "total_quantity": 8.0
            },
            {
                "order_month": "2024-12",
                "基础产品": "花卷",
                "total_quantity": 62.0
            },
            {
                "order_month": "2024-12",
                "基础产品": "葱油花卷",
                "total_quantity": 131.0
            },
            {
                "order_month": "2024-12",
                "基础产品": "雪梨罗汉饮",
                "total_quantity": 28.0
            },
            {
                "order_month": "2024-12",
                "基础产品": "顺德鸡仔饼",
                "total_quantity": 12.0
            },
            {
                "order_month": "2024-12",
                "基础产品": "餐饮套餐",
                "total_quantity": 181.0
            },
            {
                "order_month": "2024-12",
                "基础产品": "鲜奶",
                "total_quantity": 3.0
            },
            {
                "order_month": "2024-12",
                "基础产品": "黑匣子脑爆",
                "total_quantity": 18.0
            }
        ]
    },
    "marketing": {
        "4- 促销优惠分析": [
            {
                "order_month": "2023-09",
                "promotion": "85折",
                "total_orders": 19,
                "total_revenue": 1008.1,
                "avg_discount": 9.363157894736842,
                "total_discount_amount": 177.9
            },
            {
                "order_month": "2023-09",
                "promotion": "85折,85折",
                "total_orders": 4,
                "total_revenue": 246.5,
                "avg_discount": 10.875,
                "total_discount_amount": 43.5
            },
            {
                "order_month": "2023-09",
                "promotion": "无优惠",
                "total_orders": 445,
                "total_revenue": 20761.0,
                "avg_discount": 0.0,
                "total_discount_amount": 0.0
            },
            {
                "order_month": "2023-09",
                "promotion": "赠送",
                "total_orders": 30,
                "total_revenue": 0.0,
                "avg_discount": 0.0,
                "total_discount_amount": 0.0
            },
            {
                "order_month": "2023-09",
                "promotion": "赠送,赠送",
                "total_orders": 7,
                "total_revenue": 0.0,
                "avg_discount": 0.0,
                "total_discount_amount": 0.0
            },
            {
                "order_month": "2023-09",
                "promotion": "赠送,赠送,赠送",
                "total_orders": 3,
                "total_revenue": 0.0,
                "avg_discount": 0.0,
                "total_discount_amount": 0.0
            },
            {
                "order_month": "2023-10",
                "promotion": "85折",
                "total_orders": 16,
                "total_revenue": 544.0,
                "avg_discount": 6.0,
                "total_discount_amount": 96.0
            },
            {
                "order_month": "2023-10",
                "promotion": "85折,85折",
                "total_orders": 3,
                "total_revenue": 151.3,
                "avg_discount": 8.9,
                "total_discount_amount": 26.7
            },
            {
                "order_month": "2023-10",
                "promotion": "9折",
                "total_orders": 3,
                "total_revenue": 93.6,
                "avg_discount": 3.4666666666666663,
                "total_discount_amount": 10.399999999999999
            },
            {
                "order_month": "2023-10",
                "promotion": "五折",
                "total_orders": 4,
                "total_revenue": 250.0,
                "avg_discount": 62.5,
                "total_discount_amount": 250.0
            },
            {
                "order_month": "2023-10",
                "promotion": "众安85折",
                "total_orders": 9,
                "total_revenue": 193.79999999999998,
                "avg_discount": 3.8000000000000003,
                "total_discount_amount": 34.2
            },
            {
                "order_month": "2023-10",
                "promotion": "众安85折,众安85折",
                "total_orders": 3,
                "total_revenue": 178.5,
                "avg_discount": 10.5,
                "total_discount_amount": 31.5
            },
            {
                "order_month": "2023-10",
                "promotion": "员工85折",
                "total_orders": 11,
                "total_revenue": 301.7,
                "avg_discount": 4.390909090909091,
                "total_discount_amount": 48.3
            },
            {
                "order_month": "2023-10",
                "promotion": "员工价7折",
                "total_orders": 5,
                "total_revenue": 105.0,
                "avg_discount": 9.0,
                "total_discount_amount": 45.0
            },
            {
                "order_month": "2023-10",
                "promotion": "员工饮料",
                "total_orders": 15,
                "total_revenue": 0.0,
                "avg_discount": 0.0,
                "total_discount_amount": 0.0
            },
            {
                "order_month": "2023-10",
                "promotion": "员工饮料,员工85折",
                "total_orders": 1,
                "total_revenue": 20.4,
                "avg_discount": 3.6,
                "total_discount_amount": 3.6
            },
            {
                "order_month": "2023-10",
                "promotion": "员工饮料,员工饮料,员工饮料",
                "total_orders": 1,
                "total_revenue": 0.0,
                "avg_discount": 0.0,
                "total_discount_amount": 0.0
            },
            {
                "order_month": "2023-10",
                "promotion": "图书馆专注20次9折卡",
                "total_orders": 1,
                "total_revenue": 0.0,
                "avg_discount": 70.0,
                "total_discount_amount": 70.0
            },
            {
                "order_month": "2023-10",
                "promotion": "场景套餐赠送",
                "total_orders": 4,
                "total_revenue": 22.0,
                "avg_discount": 0.0,
                "total_discount_amount": 0.0
            },
            {
                "order_month": "2023-10",
                "promotion": "场景套餐赠送,场景套餐赠送",
                "total_orders": 1,
                "total_revenue": 0.0,
                "avg_discount": 0.0,
                "total_discount_amount": 0.0
            },
            {
                "order_month": "2023-10",
                "promotion": "心流舱专注：20小时9折卡",
                "total_orders": 4,
                "total_revenue": 0.0,
                "avg_discount": 100.0,
                "total_discount_amount": 400.0
            },
            {
                "order_month": "2023-10",
                "promotion": "无优惠",
                "total_orders": 2368,
                "total_revenue": 131419.6,
                "avg_discount": 0.0,
                "total_discount_amount": 0.0
            },
            {
                "order_month": "2023-10",
                "promotion": "板块商用赠送",
                "total_orders": 5,
                "total_revenue": 0.0,
                "avg_discount": 0.0,
                "total_discount_amount": 0.0
            },
            {
                "order_month": "2023-10",
                "promotion": "洛克/员工85折",
                "total_orders": 58,
                "total_revenue": 2433.3,
                "avg_discount": 7.287931034482758,
                "total_discount_amount": 422.7
            },
            {
                "order_month": "2023-10",
                "promotion": "洛克/员工85折,洛克/员工85折",
                "total_orders": 9,
                "total_revenue": 338.3,
                "avg_discount": 6.633333333333334,
                "total_discount_amount": 59.7
            },
            {
                "order_month": "2023-10",
                "promotion": "洛克/员工85折,洛克/员工85折,洛克/员工85折,洛克/员工85折",
                "total_orders": 2,
                "total_revenue": 219.3,
                "avg_discount": 19.35,
                "total_discount_amount": 38.7
            },
            {
                "order_month": "2023-10",
                "promotion": "洛克85折",
                "total_orders": 14,
                "total_revenue": 1383.8,
                "avg_discount": 17.442857142857143,
                "total_discount_amount": 244.2
            },
            {
                "order_month": "2023-10",
                "promotion": "洛克85折,洛克85折",
                "total_orders": 5,
                "total_revenue": 297.5,
                "avg_discount": 10.5,
                "total_discount_amount": 52.5
            },
            {
                "order_month": "2023-10",
                "promotion": "赠送",
                "total_orders": 54,
                "total_revenue": 56.0,
                "avg_discount": 0.0,
                "total_discount_amount": 0.0
            },
            {
                "order_month": "2023-10",
                "promotion": "赠送,赠送",
                "total_orders": 2,
                "total_revenue": 0.0,
                "avg_discount": 0.0,
                "total_discount_amount": 0.0
            },
            {
                "order_month": "2023-11",
                "promotion": "1112贝望录赞助",
                "total_orders": 1,
                "total_revenue": 0.0,
                "avg_discount": 3690.0,
                "total_discount_amount": 3690.0
            },
            {
                "order_month": "2023-11",
                "promotion": "4人会议室：20小时8.5折卡",
                "total_orders": 5,
                "total_revenue": 0.0,
                "avg_discount": 216.0,
                "total_discount_amount": 1080.0
            },
            {
                "order_month": "2023-11",
                "promotion": "JC/街道关系85折",
                "total_orders": 4,
                "total_revenue": 187.85,
                "avg_discount": 8.2875,
                "total_discount_amount": 33.15
            },
            {
                "order_month": "2023-11",
                "promotion": "ideapod",
                "total_orders": 13,
                "total_revenue": 404.59999999999997,
                "avg_discount": 5.492307692307692,
                "total_discount_amount": 71.4
            },
            {
                "order_month": "2023-11",
                "promotion": "ideapod,ideapod",
                "total_orders": 9,
                "total_revenue": 462.1,
                "avg_discount": 8.433333333333334,
                "total_discount_amount": 75.9
            },
            {
                "order_month": "2023-11",
                "promotion": "众安85折",
                "total_orders": 116,
                "total_revenue": 5921.95,
                "avg_discount": 9.009051724137931,
                "total_discount_amount": 1045.05
            },
            {
                "order_month": "2023-11",
                "promotion": "众安85折,众安85折",
                "total_orders": 20,
                "total_revenue": 1105.0,
                "avg_discount": 9.75,
                "total_discount_amount": 195.0
            },
            {
                "order_month": "2023-11",
                "promotion": "众安85折,众安85折,众安85折",
                "total_orders": 5,
                "total_revenue": 523.6,
                "avg_discount": 18.48,
                "total_discount_amount": 92.4
            },
            {
                "order_month": "2023-11",
                "promotion": "众安85折,众安85折,众安85折,众安85折",
                "total_orders": 1,
                "total_revenue": 100.3,
                "avg_discount": 17.7,
                "total_discount_amount": 17.7
            },
            {
                "order_month": "2023-11",
                "promotion": "会议室茶饮测试（同点评）",
                "total_orders": 3,
                "total_revenue": 0.0,
                "avg_discount": 0.0,
                "total_discount_amount": 0.0
            },
            {
                "order_month": "2023-11",
                "promotion": "半小时五折",
                "total_orders": 7,
                "total_revenue": 152.5,
                "avg_discount": 21.785714285714285,
                "total_discount_amount": 152.5
            },
            {
                "order_month": "2023-11",
                "promotion": "半小时五折,员工85折",
                "total_orders": 3,
                "total_revenue": 471.75,
                "avg_discount": 102.75,
                "total_discount_amount": 308.25
            },
            {
                "order_month": "2023-11",
                "promotion": "半小时五折,洛克85折",
                "total_orders": 1,
                "total_revenue": 255.0,
                "avg_discount": 105.0,
                "total_discount_amount": 105.0
            },
            {
                "order_month": "2023-11",
                "promotion": "员工85折",
                "total_orders": 46,
                "total_revenue": 3777.15,
                "avg_discount": 14.344565217391304,
                "total_discount_amount": 659.85
            },
            {
                "order_month": "2023-11",
                "promotion": "员工85折,半小时五折",
                "total_orders": 3,
                "total_revenue": 123.25,
                "avg_discount": 55.583333333333336,
                "total_discount_amount": 166.75
            },
            {
                "order_month": "2023-11",
                "promotion": "员工85折,员工85折",
                "total_orders": 2,
                "total_revenue": 455.6,
                "avg_discount": 40.2,
                "total_discount_amount": 80.4
            },
            {
                "order_month": "2023-11",
                "promotion": "员工85折,员工饮料",
                "total_orders": 2,
                "total_revenue": 42.5,
                "avg_discount": 3.75,
                "total_discount_amount": 7.5
            },
            {
                "order_month": "2023-11",
                "promotion": "员工饮料",
                "total_orders": 108,
                "total_revenue": 0.0,
                "avg_discount": 0.0,
                "total_discount_amount": 0.0
            },
            {
                "order_month": "2023-11",
                "promotion": "员工饮料,员工饮料",
                "total_orders": 8,
                "total_revenue": 0.0,
                "avg_discount": 0.0,
                "total_discount_amount": 0.0
            },
            {
                "order_month": "2023-11",
                "promotion": "员工饮料,员工饮料,员工饮料",
                "total_orders": 3,
                "total_revenue": 0.0,
                "avg_discount": 0.0,
                "total_discount_amount": 0.0
            },
            {
                "order_month": "2023-11",
                "promotion": "图书馆专注：20小时8.5折卡",
                "total_orders": 4,
                "total_revenue": 0.0,
                "avg_discount": 78.75,
                "total_discount_amount": 315.0
            },
            {
                "order_month": "2023-11",
                "promotion": "图书馆专注：20小时9折卡",
                "total_orders": 1,
                "total_revenue": 0.0,
                "avg_discount": 35.0,
                "total_discount_amount": 35.0
            },
            {
                "order_month": "2023-11",
                "promotion": "场景套餐赠送",
                "total_orders": 8,
                "total_revenue": 0.0,
                "avg_discount": 0.0,
                "total_discount_amount": 0.0
            },
            {
                "order_month": "2023-11",
                "promotion": "大众点评套餐",
                "total_orders": 74,
                "total_revenue": 18.0,
                "avg_discount": 0.0,
                "total_discount_amount": 0.0
            },
            {
                "order_month": "2023-11",
                "promotion": "大众点评套餐,会议室茶饮测试（同点评）",
                "total_orders": 1,
                "total_revenue": 0.0,
                "avg_discount": 0.0,
                "total_discount_amount": 0.0
            },
            {
                "order_month": "2023-11",
                "promotion": "大众点评套餐,大众点评套餐",
                "total_orders": 5,
                "total_revenue": 0.0,
                "avg_discount": 0.0,
                "total_discount_amount": 0.0
            },
            {
                "order_month": "2023-11",
                "promotion": "心流舱专注：20小时8.5折卡",
                "total_orders": 8,
                "total_revenue": 0.0,
                "avg_discount": 106.25,
                "total_discount_amount": 850.0
            },
            {
                "order_month": "2023-11",
                "promotion": "心流舱专注：20小时9折卡",
                "total_orders": 2,
                "total_revenue": 0.0,
                "avg_discount": 50.0,
                "total_discount_amount": 100.0
            },
            {
                "order_month": "2023-11",
                "promotion": "无优惠",
                "total_orders": 2105,
                "total_revenue": 105632.0,
                "avg_discount": 0.0,
                "total_discount_amount": 0.0
            },
            {
                "order_month": "2023-11",
                "promotion": "板块商用赠送",
                "total_orders": 5,
                "total_revenue": 0.0,
                "avg_discount": 0.0,
                "total_discount_amount": 0.0
            },
            {
                "order_month": "2023-11",
                "promotion": "板块商用赠送,板块商用赠送",
                "total_orders": 1,
                "total_revenue": 0.0,
                "avg_discount": 0.0,
                "total_discount_amount": 0.0
            },
            {
                "order_month": "2023-11",
                "promotion": "洛克85折",
                "total_orders": 36,
                "total_revenue": 1426.3,
                "avg_discount": 6.991666666666666,
                "total_discount_amount": 251.7
            },
            {
                "order_month": "2023-11",
                "promotion": "洛克85折,洛克85折",
                "total_orders": 12,
                "total_revenue": 931.4300000000001,
                "avg_discount": 14.0475,
                "total_discount_amount": 168.57
            },
            {
                "order_month": "2023-11",
                "promotion": "洛克85折,洛克85折,洛克85折,洛克85折",
                "total_orders": 1,
                "total_revenue": 81.6,
                "avg_discount": 14.4,
                "total_discount_amount": 14.4
            },
            {
                "order_month": "2023-11",
                "promotion": "自带杯减5元",
                "total_orders": 4,
                "total_revenue": 144.0,
                "avg_discount": 5.0,
                "total_discount_amount": 20.0
            },
            {
                "order_month": "2023-11",
                "promotion": "赠送",
                "total_orders": 6,
                "total_revenue": 0.0,
                "avg_discount": 0.0,
                "total_discount_amount": 0.0
            },
            {
                "order_month": "2023-11",
                "promotion": "赠送,赠送",
                "total_orders": 1,
                "total_revenue": 0.0,
                "avg_discount": 0.0,
                "total_discount_amount": 0.0
            },
            {
                "order_month": "2023-12",
                "promotion": "8.2折常客会员 ",
                "total_orders": 2,
                "total_revenue": 139.4,
                "avg_discount": 15.3,
                "total_discount_amount": 30.6
            },
            {
                "order_month": "2023-12",
                "promotion": "82",
                "total_orders": 1,
                "total_revenue": 803.6,
                "avg_discount": 176.4,
                "total_discount_amount": 176.4
            },
            {
                "order_month": "2023-12",
                "promotion": "ideaPod集点饮品兑换券",
                "total_orders": 6,
                "total_revenue": 106.0,
                "avg_discount": 12.666666666666666,
                "total_discount_amount": 76.0
            },
            {
                "order_month": "2023-12",
                "promotion": "ideapod",
                "total_orders": 26,
                "total_revenue": 551.4,
                "avg_discount": 2.7923076923076926,
                "total_discount_amount": 72.60000000000001
            },
            {
                "order_month": "2023-12",
                "promotion": "ideapod,ideapod",
                "total_orders": 2,
                "total_revenue": 81.6,
                "avg_discount": 7.2,
                "total_discount_amount": 14.4
            },
            {
                "order_month": "2023-12",
                "promotion": "ideapod,ideapod,ideapod,ideapod,ideapod,ideapod,ideapod",
                "total_orders": 2,
                "total_revenue": 0.0,
                "avg_discount": 0.0,
                "total_discount_amount": 0.0
            },
            {
                "order_month": "2023-12",
                "promotion": "ideapod,洛克85折,ideapod",
                "total_orders": 1,
                "total_revenue": 207.4,
                "avg_discount": 36.6,
                "total_discount_amount": 36.6
            },
            {
                "order_month": "2023-12",
                "promotion": "众安85折",
                "total_orders": 3,
                "total_revenue": 115.6,
                "avg_discount": 6.8,
                "total_discount_amount": 20.4
            },
            {
                "order_month": "2023-12",
                "promotion": "众安最福利",
                "total_orders": 11,
                "total_revenue": 0.0,
                "avg_discount": 0.0,
                "total_discount_amount": 0.0
            },
            {
                "order_month": "2023-12",
                "promotion": "众安最福利,众安最福利",
                "total_orders": 1,
                "total_revenue": 0.0,
                "avg_discount": 0.0,
                "total_discount_amount": 0.0
            },
            {
                "order_month": "2023-12",
                "promotion": "众安最福利,众安最福利,众安最福利",
                "total_orders": 1,
                "total_revenue": 0.0,
                "avg_discount": 0.0,
                "total_discount_amount": 0.0
            },
            {
                "order_month": "2023-12",
                "promotion": "员工82折",
                "total_orders": 2,
                "total_revenue": 57.4,
                "avg_discount": 6.3,
                "total_discount_amount": 12.6
            },
            {
                "order_month": "2023-12",
                "promotion": "员工82折,员工82折",
                "total_orders": 1,
                "total_revenue": 37.72,
                "avg_discount": 8.28,
                "total_discount_amount": 8.28
            },
            {
                "order_month": "2023-12",
                "promotion": "员工85折",
                "total_orders": 29,
                "total_revenue": 1737.4,
                "avg_discount": 10.572413793103449,
                "total_discount_amount": 306.6
            },
            {
                "order_month": "2023-12",
                "promotion": "员工85折,员工85折",
                "total_orders": 7,
                "total_revenue": 343.40000000000003,
                "avg_discount": 8.657142857142857,
                "total_discount_amount": 60.6
            },
            {
                "order_month": "2023-12",
                "promotion": "员工85折,员工85折,员工饮料,员工饮料",
                "total_orders": 1,
                "total_revenue": 51.0,
                "avg_discount": 9.0,
                "total_discount_amount": 9.0
            },
            {
                "order_month": "2023-12",
                "promotion": "员工85折,员工饮料",
                "total_orders": 1,
                "total_revenue": 20.4,
                "avg_discount": 3.6,
                "total_discount_amount": 3.6
            },
            {
                "order_month": "2023-12",
                "promotion": "员工饮料",
                "total_orders": 54,
                "total_revenue": 56.0,
                "avg_discount": 0.0,
                "total_discount_amount": 0.0
            },
            {
                "order_month": "2023-12",
                "promotion": "员工饮料,员工饮料",
                "total_orders": 13,
                "total_revenue": 0.0,
                "avg_discount": 0.0,
                "total_discount_amount": 0.0
            },
            {
                "order_month": "2023-12",
                "promotion": "员工饮料,员工饮料,员工饮料",
                "total_orders": 6,
                "total_revenue": 0.0,
                "avg_discount": 0.0,
                "total_discount_amount": 0.0
            },
            {
                "order_month": "2023-12",
                "promotion": "员工饮料,员工饮料,员工饮料,员工饮料",
                "total_orders": 4,
                "total_revenue": 0.0,
                "avg_discount": 0.0,
                "total_discount_amount": 0.0
            },
            {
                "order_month": "2023-12",
                "promotion": "员工饮料,员工饮料,员工饮料,员工饮料,员工饮料",
                "total_orders": 1,
                "total_revenue": 0.0,
                "avg_discount": 0.0,
                "total_discount_amount": 0.0
            },
            {
                "order_month": "2023-12",
                "promotion": "员工饮料,大众点评套餐,员工饮料",
                "total_orders": 1,
                "total_revenue": 0.0,
                "avg_discount": 0.0,
                "total_discount_amount": 0.0
            },
            {
                "order_month": "2023-12",
                "promotion": "员工饮料,板块商用赠送",
                "total_orders": 1,
                "total_revenue": 0.0,
                "avg_discount": 0.0,
                "total_discount_amount": 0.0
            },
            {
                "order_month": "2023-12",
                "promotion": "员工饮料,赠送",
                "total_orders": 1,
                "total_revenue": 0.0,
                "avg_discount": 0.0,
                "total_discount_amount": 0.0
            },
            {
                "order_month": "2023-12",
                "promotion": "员工饮料,赠送,员工饮料,赠送,员工饮料,员工饮料,员工饮料",
                "total_orders": 1,
                "total_revenue": 0.0,
                "avg_discount": 0.0,
                "total_discount_amount": 0.0
            },
            {
                "order_month": "2023-12",
                "promotion": "图书馆专注：20小时8.5折卡",
                "total_orders": 7,
                "total_revenue": 0.0,
                "avg_discount": 150.0,
                "total_discount_amount": 1050.0
            },
            {
                "order_month": "2023-12",
                "promotion": "圣诞市集85折优惠",
                "total_orders": 1,
                "total_revenue": 20.4,
                "avg_discount": 3.6,
                "total_discount_amount": 3.6
            },
            {
                "order_month": "2023-12",
                "promotion": "场景套餐赠送",
                "total_orders": 2,
                "total_revenue": 0.0,
                "avg_discount": 0.0,
                "total_discount_amount": 0.0
            },
            {
                "order_month": "2023-12",
                "promotion": "大众点评套餐",
                "total_orders": 119,
                "total_revenue": 84.0,
                "avg_discount": 0.0,
                "total_discount_amount": 0.0
            },
            {
                "order_month": "2023-12",
                "promotion": "大众点评套餐,大众点评套餐",
                "total_orders": 5,
                "total_revenue": 0.0,
                "avg_discount": 0.0,
                "total_discount_amount": 0.0
            },
            {
                "order_month": "2023-12",
                "promotion": "心流舱专注：20小时8.5折卡",
                "total_orders": 4,
                "total_revenue": 0.0,
                "avg_discount": 212.5,
                "total_discount_amount": 850.0
            },
            {
                "order_month": "2023-12",
                "promotion": "无优惠",
                "total_orders": 1850,
                "total_revenue": 94729.7,
                "avg_discount": 0.0,
                "total_discount_amount": 0.0
            },
            {
                "order_month": "2023-12",
                "promotion": "月卡图书馆",
                "total_orders": 2,
                "total_revenue": 0.0,
                "avg_discount": 52.5,
                "total_discount_amount": 105.0
            },
            {
                "order_month": "2023-12",
                "promotion": "板块商用赠送",
                "total_orders": 1,
                "total_revenue": 0.0,
                "avg_discount": 0.0,
                "total_discount_amount": 0.0
            },
            {
                "order_month": "2023-12",
                "promotion": "板块商用赠送,板块商用赠送",
                "total_orders": 1,
                "total_revenue": 0.0,
                "avg_discount": 0.0,
                "total_discount_amount": 0.0
            },
            {
                "order_month": "2023-12",
                "promotion": "洛克85折",
                "total_orders": 33,
                "total_revenue": 1803.15,
                "avg_discount": 9.086363636363638,
                "total_discount_amount": 299.85
            },
            {
                "order_month": "2023-12",
                "promotion": "洛克85折,洛克85折",
                "total_orders": 11,
                "total_revenue": 759.9000000000001,
                "avg_discount": 12.19090909090909,
                "total_discount_amount": 134.1
            },
            {
                "order_month": "2023-12",
                "promotion": "洛克85折,洛克85折,洛克85折",
                "total_orders": 1,
                "total_revenue": 161.5,
                "avg_discount": 28.5,
                "total_discount_amount": 28.5
            },
            {
                "order_month": "2023-12",
                "promotion": "自带杯减5元",
                "total_orders": 3,
                "total_revenue": 97.0,
                "avg_discount": 5.0,
                "total_discount_amount": 15.0
            },
            {
                "order_month": "2023-12",
                "promotion": "赠送",
                "total_orders": 14,
                "total_revenue": 0.0,
                "avg_discount": 0.0,
                "total_discount_amount": 0.0
            },
            {
                "order_month": "2023-12",
                "promotion": "赠送,赠送",
                "total_orders": 1,
                "total_revenue": 0.0,
                "avg_discount": 0.0,
                "total_discount_amount": 0.0
            },
            {
                "order_month": "2024-01",
                "promotion": "8.2折常客会员 ",
                "total_orders": 8,
                "total_revenue": 1877.8000000000002,
                "avg_discount": 51.525000000000006,
                "total_discount_amount": 412.20000000000005
            },
            {
                "order_month": "2024-01",
                "promotion": "8.2折常客会员 ,8.2折常客会员 ",
                "total_orders": 1,
                "total_revenue": 41.0,
                "avg_discount": 9.0,
                "total_discount_amount": 9.0
            },
            {
                "order_month": "2024-01",
                "promotion": "ideaPod集点饮品兑换券",
                "total_orders": 4,
                "total_revenue": 5.0,
                "avg_discount": 34.0,
                "total_discount_amount": 136.0
            },
            {
                "order_month": "2024-01",
                "promotion": "ideapod",
                "total_orders": 33,
                "total_revenue": 911.16,
                "avg_discount": 3.8436363636363637,
                "total_discount_amount": 126.84
            },
            {
                "order_month": "2024-01",
                "promotion": "ideapod,ideapod",
                "total_orders": 7,
                "total_revenue": 368.2,
                "avg_discount": 7.542857142857143,
                "total_discount_amount": 52.8
            },
            {
                "order_month": "2024-01",
                "promotion": "ideapod,ideapod,ideapod",
                "total_orders": 1,
                "total_revenue": 79.2,
                "avg_discount": 10.8,
                "total_discount_amount": 10.8
            },
            {
                "order_month": "2024-01",
                "promotion": "众安场景85折",
                "total_orders": 4,
                "total_revenue": 918.0,
                "avg_discount": 40.5,
                "total_discount_amount": 162.0
            },
            {
                "order_month": "2024-01",
                "promotion": "众安场景85折,众安餐饮88折",
                "total_orders": 1,
                "total_revenue": 219.88,
                "avg_discount": 36.12,
                "total_discount_amount": 36.12
            },
            {
                "order_month": "2024-01",
                "promotion": "众安最福利积分使用",
                "total_orders": 50,
                "total_revenue": 0.0,
                "avg_discount": 0.0,
                "total_discount_amount": 0.0
            },
            {
                "order_month": "2024-01",
                "promotion": "众安最福利积分使用,众安最福利积分使用",
                "total_orders": 3,
                "total_revenue": 0.0,
                "avg_discount": 0.0,
                "total_discount_amount": 0.0
            },
            {
                "order_month": "2024-01",
                "promotion": "众安最福利积分使用,员工饮料,员工饮料",
                "total_orders": 1,
                "total_revenue": 0.0,
                "avg_discount": 0.0,
                "total_discount_amount": 0.0
            },
            {
                "order_month": "2024-01",
                "promotion": "众安洛克餐饮88折",
                "total_orders": 2,
                "total_revenue": 58.08,
                "avg_discount": 3.96,
                "total_discount_amount": 7.92
            },
            {
                "order_month": "2024-01",
                "promotion": "众安洛克餐饮88折,众安洛克餐饮88折",
                "total_orders": 2,
                "total_revenue": 98.56,
                "avg_discount": 6.72,
                "total_discount_amount": 13.44
            },
            {
                "order_month": "2024-01",
                "promotion": "众安餐饮88折",
                "total_orders": 1,
                "total_revenue": 19.36,
                "avg_discount": 2.64,
                "total_discount_amount": 2.64
            },
            {
                "order_month": "2024-01",
                "promotion": "众安餐饮88折,众安场景85折",
                "total_orders": 1,
                "total_revenue": 237.44,
                "avg_discount": 40.56,
                "total_discount_amount": 40.56
            },
            {
                "order_month": "2024-01",
                "promotion": "员工82折",
                "total_orders": 1,
                "total_revenue": 21.32,
                "avg_discount": 4.68,
                "total_discount_amount": 4.68
            },
            {
                "order_month": "2024-01",
                "promotion": "员工场景82折",
                "total_orders": 3,
                "total_revenue": 184.5,
                "avg_discount": 13.5,
                "total_discount_amount": 40.5
            },
            {
                "order_month": "2024-01",
                "promotion": "员工饮品85折",
                "total_orders": 4,
                "total_revenue": 129.2,
                "avg_discount": 5.699999999999999,
                "total_discount_amount": 22.799999999999997
            },
            {
                "order_month": "2024-01",
                "promotion": "员工饮品88折",
                "total_orders": 9,
                "total_revenue": 1557.6000000000001,
                "avg_discount": 23.6,
                "total_discount_amount": 212.4
            },
            {
                "order_month": "2024-01",
                "promotion": "员工饮品88折,员工饮料",
                "total_orders": 1,
                "total_revenue": 40.8,
                "avg_discount": 7.2,
                "total_discount_amount": 7.2
            },
            {
                "order_month": "2024-01",
                "promotion": "员工饮料",
                "total_orders": 65,
                "total_revenue": 0.0,
                "avg_discount": 0.0,
                "total_discount_amount": 0.0
            },
            {
                "order_month": "2024-01",
                "promotion": "员工饮料,员工饮料",
                "total_orders": 6,
                "total_revenue": 0.0,
                "avg_discount": 0.0,
                "total_discount_amount": 0.0
            },
            {
                "order_month": "2024-01",
                "promotion": "员工饮料,员工饮料,员工饮料",
                "total_orders": 5,
                "total_revenue": 0.0,
                "avg_discount": 0.0,
                "total_discount_amount": 0.0
            },
            {
                "order_month": "2024-01",
                "promotion": "员工饮料,员工饮料,员工饮料,员工饮料",
                "total_orders": 3,
                "total_revenue": 0.0,
                "avg_discount": 0.0,
                "total_discount_amount": 0.0
            },
            {
                "order_month": "2024-01",
                "promotion": "员工饮料,员工饮料,员工饮料,员工饮料,员工饮料",
                "total_orders": 1,
                "total_revenue": 0.0,
                "avg_discount": 0.0,
                "total_discount_amount": 0.0
            },
            {
                "order_month": "2024-01",
                "promotion": "场景套餐赠送",
                "total_orders": 2,
                "total_revenue": 0.0,
                "avg_discount": 0.0,
                "total_discount_amount": 0.0
            },
            {
                "order_month": "2024-01",
                "promotion": "场景套餐赠送,场景套餐赠送",
                "total_orders": 1,
                "total_revenue": 0.0,
                "avg_discount": 0.0,
                "total_discount_amount": 0.0
            },
            {
                "order_month": "2024-01",
                "promotion": "大众点评套餐",
                "total_orders": 77,
                "total_revenue": 73.0,
                "avg_discount": 0.0,
                "total_discount_amount": 0.0
            },
            {
                "order_month": "2024-01",
                "promotion": "大众点评套餐,大众点评套餐",
                "total_orders": 4,
                "total_revenue": 0.0,
                "avg_discount": 0.0,
                "total_discount_amount": 0.0
            },
            {
                "order_month": "2024-01",
                "promotion": "无优惠",
                "total_orders": 1250,
                "total_revenue": 77101.0,
                "avg_discount": 0.0,
                "total_discount_amount": 0.0
            },
            {
                "order_month": "2024-01",
                "promotion": "板块商用赠送",
                "total_orders": 5,
                "total_revenue": 0.0,
                "avg_discount": 0.0,
                "total_discount_amount": 0.0
            },
            {
                "order_month": "2024-01",
                "promotion": "板块商用赠送,员工饮料",
                "total_orders": 1,
                "total_revenue": 0.0,
                "avg_discount": 0.0,
                "total_discount_amount": 0.0
            },
            {
                "order_month": "2024-01",
                "promotion": "板块商用赠送,板块商用赠送",
                "total_orders": 3,
                "total_revenue": 0.0,
                "avg_discount": 0.0,
                "total_discount_amount": 0.0
            },
            {
                "order_month": "2024-01",
                "promotion": "洛克85折",
                "total_orders": 20,
                "total_revenue": 1093.1,
                "avg_discount": 9.645,
                "total_discount_amount": 192.9
            },
            {
                "order_month": "2024-01",
                "promotion": "洛克85折,洛克85折",
                "total_orders": 3,
                "total_revenue": 59.5,
                "avg_discount": 3.5,
                "total_discount_amount": 10.5
            },
            {
                "order_month": "2024-01",
                "promotion": "洛克场景85折",
                "total_orders": 1,
                "total_revenue": 952.0,
                "avg_discount": 168.0,
                "total_discount_amount": 168.0
            },
            {
                "order_month": "2024-01",
                "promotion": "生日赠饮券",
                "total_orders": 1,
                "total_revenue": 0.0,
                "avg_discount": 32.0,
                "total_discount_amount": 32.0
            },
            {
                "order_month": "2024-01",
                "promotion": "自带杯减5元",
                "total_orders": 4,
                "total_revenue": 130.0,
                "avg_discount": 5.0,
                "total_discount_amount": 20.0
            },
            {
                "order_month": "2024-01",
                "promotion": "赠送",
                "total_orders": 8,
                "total_revenue": 0.0,
                "avg_discount": 0.0,
                "total_discount_amount": 0.0
            },
            {
                "order_month": "2024-02",
                "promotion": "ideaPod集点饮品兑换券",
                "total_orders": 3,
                "total_revenue": 0.0,
                "avg_discount": 37.333333333333336,
                "total_discount_amount": 112.0
            },
            {
                "order_month": "2024-02",
                "promotion": "ideapod",
                "total_orders": 10,
                "total_revenue": 308.15999999999997,
                "avg_discount": 3.6839999999999997,
                "total_discount_amount": 36.839999999999996
            },
            {
                "order_month": "2024-02",
                "promotion": "ideapod,ideapod",
                "total_orders": 6,
                "total_revenue": 461.12,
                "avg_discount": 8.98,
                "total_discount_amount": 53.88
            },
            {
                "order_month": "2024-02",
                "promotion": "众安最福利积分使用",
                "total_orders": 62,
                "total_revenue": 118.0,
                "avg_discount": 0.0,
                "total_discount_amount": 0.0
            },
            {
                "order_month": "2024-02",
                "promotion": "众安最福利积分使用,众安最福利积分使用",
                "total_orders": 7,
                "total_revenue": 0.0,
                "avg_discount": 0.0,
                "total_discount_amount": 0.0
            },
            {
                "order_month": "2024-02",
                "promotion": "众安最福利积分使用,众安最福利积分使用,众安最福利积分使用",
                "total_orders": 1,
                "total_revenue": 0.0,
                "avg_discount": 0.0,
                "total_discount_amount": 0.0
            },
            {
                "order_month": "2024-02",
                "promotion": "众安洛克餐饮88折",
                "total_orders": 9,
                "total_revenue": 410.08,
                "avg_discount": 6.213333333333334,
                "total_discount_amount": 55.92
            },
            {
                "order_month": "2024-02",
                "promotion": "众安洛克餐饮88折,众安洛克餐饮88折",
                "total_orders": 3,
                "total_revenue": 168.96,
                "avg_discount": 7.68,
                "total_discount_amount": 23.04
            },
            {
                "order_month": "2024-02",
                "promotion": "众安洛克餐饮88折,众安洛克餐饮88折,众安洛克餐饮88折,众安洛克餐饮88折",
                "total_orders": 1,
                "total_revenue": 135.52,
                "avg_discount": 18.48,
                "total_discount_amount": 18.48
            },
            {
                "order_month": "2024-02",
                "promotion": "员工饮品88折",
                "total_orders": 10,
                "total_revenue": 738.3199999999999,
                "avg_discount": 5.568,
                "total_discount_amount": 55.68
            },
            {
                "order_month": "2024-02",
                "promotion": "员工饮品88折,员工饮品88折",
                "total_orders": 2,
                "total_revenue": 140.8,
                "avg_discount": 9.6,
                "total_discount_amount": 19.2
            },
            {
                "order_month": "2024-02",
                "promotion": "员工饮品88折,员工饮品88折,员工饮品88折",
                "total_orders": 2,
                "total_revenue": 147.83999999999997,
                "avg_discount": 10.079999999999998,
                "total_discount_amount": 20.159999999999997
            },
            {
                "order_month": "2024-02",
                "promotion": "员工饮品88折,员工饮品88折,员工饮品88折,员工饮品88折",
                "total_orders": 1,
                "total_revenue": 106.48,
                "avg_discount": 14.52,
                "total_discount_amount": 14.52
            },
            {
                "order_month": "2024-02",
                "promotion": "员工饮料",
                "total_orders": 53,
                "total_revenue": 38.0,
                "avg_discount": 0.0,
                "total_discount_amount": 0.0
            },
            {
                "order_month": "2024-02",
                "promotion": "员工饮料,员工饮料",
                "total_orders": 5,
                "total_revenue": 0.0,
                "avg_discount": 0.0,
                "total_discount_amount": 0.0
            },
            {
                "order_month": "2024-02",
                "promotion": "四人会客厅使用2小时",
                "total_orders": 1,
                "total_revenue": 0.0,
                "avg_discount": 240.0,
                "total_discount_amount": 240.0
            },
            {
                "order_month": "2024-02",
                "promotion": "四人会客厅使用2小时,心流舱免费体验2小时",
                "total_orders": 1,
                "total_revenue": 0.0,
                "avg_discount": 340.0,
                "total_discount_amount": 340.0
            },
            {
                "order_month": "2024-02",
                "promotion": "场景套餐赠送",
                "total_orders": 1,
                "total_revenue": 0.0,
                "avg_discount": 0.0,
                "total_discount_amount": 0.0
            },
            {
                "order_month": "2024-02",
                "promotion": "大众点评套餐",
                "total_orders": 41,
                "total_revenue": 70.0,
                "avg_discount": 0.0,
                "total_discount_amount": 0.0
            },
            {
                "order_month": "2024-02",
                "promotion": "大众点评套餐,大众点评套餐",
                "total_orders": 7,
                "total_revenue": 0.0,
                "avg_discount": 0.0,
                "total_discount_amount": 0.0
            },
            {
                "order_month": "2024-02",
                "promotion": "无优惠",
                "total_orders": 861,
                "total_revenue": 47939.0,
                "avg_discount": 0.0,
                "total_discount_amount": 0.0
            },
            {
                "order_month": "2024-02",
                "promotion": "板块商用赠送",
                "total_orders": 19,
                "total_revenue": 0.0,
                "avg_discount": 0.0,
                "total_discount_amount": 0.0
            },
            {
                "order_month": "2024-02",
                "promotion": "板块商用赠送,板块商用赠送",
                "total_orders": 2,
                "total_revenue": 0.0,
                "avg_discount": 0.0,
                "total_discount_amount": 0.0
            },
            {
                "order_month": "2024-02",
                "promotion": "洛克场景85折",
                "total_orders": 1,
                "total_revenue": 204.0,
                "avg_discount": 36.0,
                "total_discount_amount": 36.0
            },
            {
                "order_month": "2024-02",
                "promotion": "洛克场景85折,众安洛克餐饮88折,众安洛克餐饮88折",
                "total_orders": 1,
                "total_revenue": 309.92,
                "avg_discount": 46.08,
                "total_discount_amount": 46.08
            },
            {
                "order_month": "2024-02",
                "promotion": "洛克餐饮88折",
                "total_orders": 3,
                "total_revenue": 112.64,
                "avg_discount": 5.12,
                "total_discount_amount": 15.36
            },
            {
                "order_month": "2024-02",
                "promotion": "洛克餐饮88折,洛克餐饮88折",
                "total_orders": 1,
                "total_revenue": 54.56,
                "avg_discount": 7.44,
                "total_discount_amount": 7.44
            },
            {
                "order_month": "2024-02",
                "promotion": "自带杯减5元",
                "total_orders": 3,
                "total_revenue": 69.0,
                "avg_discount": 5.0,
                "total_discount_amount": 15.0
            },
            {
                "order_month": "2024-02",
                "promotion": "赠送",
                "total_orders": 3,
                "total_revenue": 0.0,
                "avg_discount": 0.0,
                "total_discount_amount": 0.0
            },
            {
                "order_month": "2024-03",
                "promotion": "4人会议室：20小时8.5折卡",
                "total_orders": 1,
                "total_revenue": 0.0,
                "avg_discount": 480.0,
                "total_discount_amount": 480.0
            },
            {
                "order_month": "2024-03",
                "promotion": "ideaPod集点饮品兑换券",
                "total_orders": 9,
                "total_revenue": 181.0,
                "avg_discount": 31.333333333333332,
                "total_discount_amount": 282.0
            },
            {
                "order_month": "2024-03",
                "promotion": "ideapod",
                "total_orders": 8,
                "total_revenue": 537.44,
                "avg_discount": 4.319999999999999,
                "total_discount_amount": 34.559999999999995
            },
            {
                "order_month": "2024-03",
                "promotion": "众安场景85折,众安洛克餐饮88折",
                "total_orders": 1,
                "total_revenue": 240.96,
                "avg_discount": 41.04,
                "total_discount_amount": 41.04
            },
            {
                "order_month": "2024-03",
                "promotion": "众安最福利积分使用",
                "total_orders": 50,
                "total_revenue": 0.0,
                "avg_discount": 0.0,
                "total_discount_amount": 0.0
            },
            {
                "order_month": "2024-03",
                "promotion": "众安最福利积分使用,众安最福利积分使用",
                "total_orders": 16,
                "total_revenue": 0.0,
                "avg_discount": 0.0,
                "total_discount_amount": 0.0
            },
            {
                "order_month": "2024-03",
                "promotion": "众安最福利积分使用,众安最福利积分使用,众安最福利积分使用",
                "total_orders": 1,
                "total_revenue": 0.0,
                "avg_discount": 0.0,
                "total_discount_amount": 0.0
            },
            {
                "order_month": "2024-03",
                "promotion": "众安洛克餐饮88折",
                "total_orders": 9,
                "total_revenue": 390.72,
                "avg_discount": 5.92,
                "total_discount_amount": 53.28
            },
            {
                "order_month": "2024-03",
                "promotion": "众安洛克餐饮88折,众安洛克餐饮88折",
                "total_orders": 2,
                "total_revenue": 123.19999999999999,
                "avg_discount": 8.399999999999999,
                "total_discount_amount": 16.799999999999997
            },
            {
                "order_month": "2024-03",
                "promotion": "众安洛克餐饮88折,众安洛克餐饮88折,众安洛克餐饮88折",
                "total_orders": 1,
                "total_revenue": 92.4,
                "avg_discount": 12.6,
                "total_discount_amount": 12.6
            },
            {
                "order_month": "2024-03",
                "promotion": "众安洛克餐饮88折,洛克场景85折,众安洛克餐饮88折",
                "total_orders": 1,
                "total_revenue": -265.6,
                "avg_discount": -44.4,
                "total_discount_amount": -44.4
            },
            {
                "order_month": "2024-03",
                "promotion": "众安洛克餐饮88折,洛克场景85折,众安洛克餐饮88折,众安洛克餐饮88折",
                "total_orders": 1,
                "total_revenue": 288.48,
                "avg_discount": 47.52,
                "total_discount_amount": 47.52
            },
            {
                "order_month": "2024-03",
                "promotion": "员工饮品88折",
                "total_orders": 10,
                "total_revenue": 347.76,
                "avg_discount": 4.223999999999999,
                "total_discount_amount": 42.239999999999995
            },
            {
                "order_month": "2024-03",
                "promotion": "员工饮品88折,员工饮品88折",
                "total_orders": 3,
                "total_revenue": 197.12,
                "avg_discount": 8.96,
                "total_discount_amount": 26.880000000000003
            },
            {
                "order_month": "2024-03",
                "promotion": "员工饮品88折,员工饮品88折,员工饮品88折",
                "total_orders": 1,
                "total_revenue": 100.32,
                "avg_discount": 13.68,
                "total_discount_amount": 13.68
            },
            {
                "order_month": "2024-03",
                "promotion": "员工饮品88折,员工饮料",
                "total_orders": 1,
                "total_revenue": 33.44,
                "avg_discount": 4.56,
                "total_discount_amount": 4.56
            },
            {
                "order_month": "2024-03",
                "promotion": "员工饮料",
                "total_orders": 81,
                "total_revenue": 0.0,
                "avg_discount": 0.0,
                "total_discount_amount": 0.0
            },
            {
                "order_month": "2024-03",
                "promotion": "员工饮料,员工饮料",
                "total_orders": 10,
                "total_revenue": 0.0,
                "avg_discount": 0.0,
                "total_discount_amount": 0.0
            },
            {
                "order_month": "2024-03",
                "promotion": "员工饮料,员工饮料,员工饮料",
                "total_orders": 4,
                "total_revenue": 0.0,
                "avg_discount": 0.0,
                "total_discount_amount": 0.0
            },
            {
                "order_month": "2024-03",
                "promotion": "四人会客厅使用2小时",
                "total_orders": 1,
                "total_revenue": 0.0,
                "avg_discount": 240.0,
                "total_discount_amount": 240.0
            },
            {
                "order_month": "2024-03",
                "promotion": "场景套餐赠送",
                "total_orders": 1,
                "total_revenue": 0.0,
                "avg_discount": 0.0,
                "total_discount_amount": 0.0
            },
            {
                "order_month": "2024-03",
                "promotion": "场景套餐赠送,场景套餐赠送",
                "total_orders": 2,
                "total_revenue": 0.0,
                "avg_discount": 0.0,
                "total_discount_amount": 0.0
            },
            {
                "order_month": "2024-03",
                "promotion": "场景套餐赠送,场景套餐赠送,场景套餐赠送",
                "total_orders": 1,
                "total_revenue": 0.0,
                "avg_discount": 0.0,
                "total_discount_amount": 0.0
            },
            {
                "order_month": "2024-03",
                "promotion": "大众点评套餐",
                "total_orders": 11,
                "total_revenue": 0.0,
                "avg_discount": 0.0,
                "total_discount_amount": 0.0
            },
            {
                "order_month": "2024-03",
                "promotion": "无优惠",
                "total_orders": 2196,
                "total_revenue": 183845.6,
                "avg_discount": 0.0,
                "total_discount_amount": 0.0
            },
            {
                "order_month": "2024-03",
                "promotion": "板块商用赠送",
                "total_orders": 18,
                "total_revenue": 0.0,
                "avg_discount": 0.0,
                "total_discount_amount": 0.0
            },
            {
                "order_month": "2024-03",
                "promotion": "板块商用赠送,板块商用赠送",
                "total_orders": 1,
                "total_revenue": 0.0,
                "avg_discount": 0.0,
                "total_discount_amount": 0.0
            },
            {
                "order_month": "2024-03",
                "promotion": "板块商用赠送,板块商用赠送,板块商用赠送",
                "total_orders": 1,
                "total_revenue": 0.0,
                "avg_discount": 0.0,
                "total_discount_amount": 0.0
            },
            {
                "order_month": "2024-03",
                "promotion": "洛克场景85折,众安洛克餐饮88折,众安最福利积分使用,众安洛克餐饮88折",
                "total_orders": 1,
                "total_revenue": 265.6,
                "avg_discount": 44.4,
                "total_discount_amount": 44.4
            },
            {
                "order_month": "2024-03",
                "promotion": "洛克餐饮88折,众安场景85折,众安洛克餐饮88折",
                "total_orders": 1,
                "total_revenue": 270.88,
                "avg_discount": 45.12,
                "total_discount_amount": 45.12
            },
            {
                "order_month": "2024-03",
                "promotion": "洛克餐饮88折,洛克餐饮88折",
                "total_orders": 2,
                "total_revenue": 132.0,
                "avg_discount": 9.0,
                "total_discount_amount": 18.0
            },
            {
                "order_month": "2024-03",
                "promotion": "美团商家优惠",
                "total_orders": 10,
                "total_revenue": 232.2,
                "avg_discount": 3.0,
                "total_discount_amount": 30.0
            },
            {
                "order_month": "2024-03",
                "promotion": "自带杯减5元",
                "total_orders": 5,
                "total_revenue": 133.0,
                "avg_discount": 5.0,
                "total_discount_amount": 25.0
            },
            {
                "order_month": "2024-03",
                "promotion": "自带杯减5元,众安洛克餐饮88折,众安洛克餐饮88折",
                "total_orders": 1,
                "total_revenue": 72.04,
                "avg_discount": 11.96,
                "total_discount_amount": 11.96
            },
            {
                "order_month": "2024-03",
                "promotion": "赠送",
                "total_orders": 3,
                "total_revenue": 0.0,
                "avg_discount": 0.0,
                "total_discount_amount": 0.0
            },
            {
                "order_month": "2024-03",
                "promotion": "饿了么商家优惠",
                "total_orders": 2,
                "total_revenue": 0.0,
                "avg_discount": 0.0,
                "total_discount_amount": 0.0
            },
            {
                "order_month": "2024-04",
                "promotion": "ideaPod集点饮品兑换券",
                "total_orders": 10,
                "total_revenue": 51.0,
                "avg_discount": 32.0,
                "total_discount_amount": 320.0
            },
            {
                "order_month": "2024-04",
                "promotion": "ideapod",
                "total_orders": 18,
                "total_revenue": 465.76,
                "avg_discount": 3.0133333333333336,
                "total_discount_amount": 54.24
            },
            {
                "order_month": "2024-04",
                "promotion": "ideapod,ideapod",
                "total_orders": 1,
                "total_revenue": 51.04,
                "avg_discount": 6.96,
                "total_discount_amount": 6.96
            },
            {
                "order_month": "2024-04",
                "promotion": "众安最福利积分使用",
                "total_orders": 52,
                "total_revenue": 0.0,
                "avg_discount": 0.0,
                "total_discount_amount": 0.0
            },
            {
                "order_month": "2024-04",
                "promotion": "众安最福利积分使用,众安最福利积分使用",
                "total_orders": 18,
                "total_revenue": 0.0,
                "avg_discount": 0.0,
                "total_discount_amount": 0.0
            },
            {
                "order_month": "2024-04",
                "promotion": "众安最福利积分使用,众安最福利积分使用,众安最福利积分使用",
                "total_orders": 2,
                "total_revenue": 0.0,
                "avg_discount": 0.0,
                "total_discount_amount": 0.0
            },
            {
                "order_month": "2024-04",
                "promotion": "众安洛克餐饮88折",
                "total_orders": 19,
                "total_revenue": 807.04,
                "avg_discount": 3.84,
                "total_discount_amount": 72.96
            },
            {
                "order_month": "2024-04",
                "promotion": "众安洛克餐饮88折,众安洛克餐饮88折",
                "total_orders": 1,
                "total_revenue": 61.6,
                "avg_discount": 8.4,
                "total_discount_amount": 8.4
            },
            {
                "order_month": "2024-04",
                "promotion": "员工饮品88折",
                "total_orders": 19,
                "total_revenue": 696.96,
                "avg_discount": 5.002105263157894,
                "total_discount_amount": 95.03999999999999
            },
            {
                "order_month": "2024-04",
                "promotion": "员工饮品88折,众安洛克餐饮88折",
                "total_orders": 2,
                "total_revenue": 117.92,
                "avg_discount": 8.04,
                "total_discount_amount": 16.08
            },
            {
                "order_month": "2024-04",
                "promotion": "员工饮品88折,员工饮品88折",
                "total_orders": 8,
                "total_revenue": 471.68,
                "avg_discount": 8.04,
                "total_discount_amount": 64.32
            },
            {
                "order_month": "2024-04",
                "promotion": "员工饮品88折,员工饮品88折,员工饮品88折",
                "total_orders": 2,
                "total_revenue": 184.8,
                "avg_discount": 12.600000000000001,
                "total_discount_amount": 25.200000000000003
            },
            {
                "order_month": "2024-04",
                "promotion": "员工饮品88折,员工饮品88折,员工饮品88折,员工饮品88折",
                "total_orders": 3,
                "total_revenue": 140.8,
                "avg_discount": 6.3999999999999995,
                "total_discount_amount": 19.2
            },
            {
                "order_month": "2024-04",
                "promotion": "员工饮品88折,员工饮品88折,自带杯减5元,员工饮品88折,员工饮品88折",
                "total_orders": 1,
                "total_revenue": 2000.24,
                "avg_discount": 279.76,
                "total_discount_amount": 279.76
            },
            {
                "order_month": "2024-04",
                "promotion": "员工饮料",
                "total_orders": 55,
                "total_revenue": 0.0,
                "avg_discount": 0.0,
                "total_discount_amount": 0.0
            },
            {
                "order_month": "2024-04",
                "promotion": "员工饮料,众安最福利积分使用",
                "total_orders": 1,
                "total_revenue": 0.0,
                "avg_discount": 0.0,
                "total_discount_amount": 0.0
            },
            {
                "order_month": "2024-04",
                "promotion": "员工饮料,员工饮料",
                "total_orders": 12,
                "total_revenue": 0.0,
                "avg_discount": 0.0,
                "total_discount_amount": 0.0
            },
            {
                "order_month": "2024-04",
                "promotion": "员工饮料,员工饮料,员工饮料",
                "total_orders": 3,
                "total_revenue": 0.0,
                "avg_discount": 0.0,
                "total_discount_amount": 0.0
            },
            {
                "order_month": "2024-04",
                "promotion": "员工饮料,员工饮料,员工饮料,员工饮料",
                "total_orders": 1,
                "total_revenue": 0.0,
                "avg_discount": 0.0,
                "total_discount_amount": 0.0
            },
            {
                "order_month": "2024-04",
                "promotion": "场景套餐赠送",
                "total_orders": 1,
                "total_revenue": 0.0,
                "avg_discount": 0.0,
                "total_discount_amount": 0.0
            },
            {
                "order_month": "2024-04",
                "promotion": "无优惠",
                "total_orders": 1908,
                "total_revenue": 113404.6,
                "avg_discount": 0.0,
                "total_discount_amount": 0.0
            },
            {
                "order_month": "2024-04",
                "promotion": "星球通兑券",
                "total_orders": 1,
                "total_revenue": 0.0,
                "avg_discount": 30.0,
                "total_discount_amount": 30.0
            },
            {
                "order_month": "2024-04",
                "promotion": "板块商用赠送",
                "total_orders": 5,
                "total_revenue": 0.0,
                "avg_discount": 0.0,
                "total_discount_amount": 0.0
            },
            {
                "order_month": "2024-04",
                "promotion": "板块商用赠送,员工饮料,员工饮料,板块商用赠送,板块商用赠送",
                "total_orders": 1,
                "total_revenue": 0.0,
                "avg_discount": 0.0,
                "total_discount_amount": 0.0
            },
            {
                "order_month": "2024-04",
                "promotion": "板块商用赠送,板块商用赠送",
                "total_orders": 3,
                "total_revenue": 0.0,
                "avg_discount": 0.0,
                "total_discount_amount": 0.0
            },
            {
                "order_month": "2024-04",
                "promotion": "洛克场景85折",
                "total_orders": 1,
                "total_revenue": 51.0,
                "avg_discount": 9.0,
                "total_discount_amount": 9.0
            },
            {
                "order_month": "2024-04",
                "promotion": "美团商家优惠",
                "total_orders": 7,
                "total_revenue": 161.79,
                "avg_discount": 3.142857142857143,
                "total_discount_amount": 22.0
            },
            {
                "order_month": "2024-04",
                "promotion": "自带杯减5元",
                "total_orders": 14,
                "total_revenue": 332.0,
                "avg_discount": 5.142857142857143,
                "total_discount_amount": 72.0
            },
            {
                "order_month": "2024-04",
                "promotion": "赠送",
                "total_orders": 2,
                "total_revenue": 0.0,
                "avg_discount": 0.0,
                "total_discount_amount": 0.0
            },
            {
                "order_month": "2024-04",
                "promotion": "赠送,赠送,员工饮料",
                "total_orders": 1,
                "total_revenue": 0.0,
                "avg_discount": 0.0,
                "total_discount_amount": 0.0
            },
            {
                "order_month": "2024-04",
                "promotion": "饿了么商家优惠",
                "total_orders": 1,
                "total_revenue": 17.38,
                "avg_discount": 4.0,
                "total_discount_amount": 4.0
            },
            {
                "order_month": "2024-05",
                "promotion": "5折,8.8折",
                "total_orders": 1,
                "total_revenue": 13.2,
                "avg_discount": 16.8,
                "total_discount_amount": 16.8
            },
            {
                "order_month": "2024-05",
                "promotion": "ideaPod集点饮品兑换券",
                "total_orders": 7,
                "total_revenue": 170.0,
                "avg_discount": 32.857142857142854,
                "total_discount_amount": 230.0
            },
            {
                "order_month": "2024-05",
                "promotion": "ideapod",
                "total_orders": 8,
                "total_revenue": 361.2,
                "avg_discount": 4.35,
                "total_discount_amount": 34.8
            },
            {
                "order_month": "2024-05",
                "promotion": "ideapod,ideapod",
                "total_orders": 4,
                "total_revenue": 300.24,
                "avg_discount": 8.94,
                "total_discount_amount": 35.76
            },
            {
                "order_month": "2024-05",
                "promotion": "众安场景85折",
                "total_orders": 3,
                "total_revenue": 467.5,
                "avg_discount": 27.5,
                "total_discount_amount": 82.5
            },
            {
                "order_month": "2024-05",
                "promotion": "众安最福利积分使用",
                "total_orders": 79,
                "total_revenue": 42.0,
                "avg_discount": 0.0,
                "total_discount_amount": 0.0
            },
            {
                "order_month": "2024-05",
                "promotion": "众安最福利积分使用,众安最福利积分使用",
                "total_orders": 23,
                "total_revenue": 0.0,
                "avg_discount": 0.0,
                "total_discount_amount": 0.0
            },
            {
                "order_month": "2024-05",
                "promotion": "众安最福利积分使用,众安最福利积分使用,众安最福利积分使用",
                "total_orders": 4,
                "total_revenue": 0.0,
                "avg_discount": 0.0,
                "total_discount_amount": 0.0
            },
            {
                "order_month": "2024-05",
                "promotion": "众安最福利积分使用,众安最福利积分使用,众安最福利积分使用,众安最福利积分使用",
                "total_orders": 1,
                "total_revenue": 0.0,
                "avg_discount": 0.0,
                "total_discount_amount": 0.0
            },
            {
                "order_month": "2024-05",
                "promotion": "众安洛克餐饮88折",
                "total_orders": 28,
                "total_revenue": 964.48,
                "avg_discount": 4.6971428571428575,
                "total_discount_amount": 131.52
            },
            {
                "order_month": "2024-05",
                "promotion": "众安洛克餐饮88折,众安最福利积分使用,众安洛克餐饮88折",
                "total_orders": 1,
                "total_revenue": 61.6,
                "avg_discount": 8.4,
                "total_discount_amount": 8.4
            },
            {
                "order_month": "2024-05",
                "promotion": "众安洛克餐饮88折,众安洛克餐饮88折",
                "total_orders": 5,
                "total_revenue": 362.56,
                "avg_discount": 9.888,
                "total_discount_amount": 49.44
            },
            {
                "order_month": "2024-05",
                "promotion": "众安洛克餐饮88折,众安洛克餐饮88折,众安洛克餐饮88折",
                "total_orders": 1,
                "total_revenue": 79.2,
                "avg_discount": 10.8,
                "total_discount_amount": 10.8
            },
            {
                "order_month": "2024-05",
                "promotion": "共读《八堂自然课》专属体验券",
                "total_orders": 1,
                "total_revenue": 0.0,
                "avg_discount": 50.0,
                "total_discount_amount": 50.0
            },
            {
                "order_month": "2024-05",
                "promotion": "员工场景82折",
                "total_orders": 2,
                "total_revenue": 393.6,
                "avg_discount": 43.2,
                "total_discount_amount": 86.4
            },
            {
                "order_month": "2024-05",
                "promotion": "员工饮品88折",
                "total_orders": 14,
                "total_revenue": 573.76,
                "avg_discount": 5.588571428571429,
                "total_discount_amount": 78.24000000000001
            },
            {
                "order_month": "2024-05",
                "promotion": "员工饮品88折,员工饮品88折",
                "total_orders": 1,
                "total_revenue": 66.88,
                "avg_discount": 9.12,
                "total_discount_amount": 9.12
            },
            {
                "order_month": "2024-05",
                "promotion": "员工饮品88折,员工饮品88折,员工饮品88折",
                "total_orders": 2,
                "total_revenue": 249.92,
                "avg_discount": 17.04,
                "total_discount_amount": 34.08
            },
            {
                "order_month": "2024-05",
                "promotion": "员工饮料",
                "total_orders": 68,
                "total_revenue": 36.0,
                "avg_discount": 0.0,
                "total_discount_amount": 0.0
            },
            {
                "order_month": "2024-05",
                "promotion": "员工饮料,员工饮料",
                "total_orders": 16,
                "total_revenue": 0.0,
                "avg_discount": 0.0,
                "total_discount_amount": 0.0
            },
            {
                "order_month": "2024-05",
                "promotion": "员工饮料,员工饮料,员工饮料",
                "total_orders": 2,
                "total_revenue": 0.0,
                "avg_discount": 0.0,
                "total_discount_amount": 0.0
            },
            {
                "order_month": "2024-05",
                "promotion": "员工饮料,员工饮料,员工饮料,员工饮料",
                "total_orders": 2,
                "total_revenue": 0.0,
                "avg_discount": 0.0,
                "total_discount_amount": 0.0
            },
            {
                "order_month": "2024-05",
                "promotion": "员工饮料,员工饮料,员工饮料,员工饮料,员工饮料",
                "total_orders": 2,
                "total_revenue": 0.0,
                "avg_discount": 0.0,
                "total_discount_amount": 0.0
            },
            {
                "order_month": "2024-05",
                "promotion": "员工饮料,员工饮料,员工饮料,员工饮料,员工饮料,员工饮料",
                "total_orders": 1,
                "total_revenue": 0.0,
                "avg_discount": 0.0,
                "total_discount_amount": 0.0
            },
            {
                "order_month": "2024-05",
                "promotion": "惊喜饮品兑换券-心流舱",
                "total_orders": 2,
                "total_revenue": 0.0,
                "avg_discount": 0.0,
                "total_discount_amount": 0.0
            },
            {
                "order_month": "2024-05",
                "promotion": "无优惠",
                "total_orders": 2423,
                "total_revenue": 147119.0,
                "avg_discount": 0.0,
                "total_discount_amount": 0.0
            },
            {
                "order_month": "2024-05",
                "promotion": "板块商用赠送",
                "total_orders": 7,
                "total_revenue": 0.0,
                "avg_discount": 0.0,
                "total_discount_amount": 0.0
            },
            {
                "order_month": "2024-05",
                "promotion": "板块商用赠送,板块商用赠送",
                "total_orders": 3,
                "total_revenue": 0.0,
                "avg_discount": 0.0,
                "total_discount_amount": 0.0
            },
            {
                "order_month": "2024-05",
                "promotion": "美团商家优惠",
                "total_orders": 4,
                "total_revenue": 76.38,
                "avg_discount": 8.2,
                "total_discount_amount": 32.8
            },
            {
                "order_month": "2024-05",
                "promotion": "自带杯减5元",
                "total_orders": 5,
                "total_revenue": 129.0,
                "avg_discount": 5.0,
                "total_discount_amount": 25.0
            },
            {
                "order_month": "2024-05",
                "promotion": "赠送",
                "total_orders": 2,
                "total_revenue": 0.0,
                "avg_discount": 0.0,
                "total_discount_amount": 0.0
            },
            {
                "order_month": "2024-05",
                "promotion": "赠送,赠送,赠送",
                "total_orders": 1,
                "total_revenue": 0.0,
                "avg_discount": 0.0,
                "total_discount_amount": 0.0
            },
            {
                "order_month": "2024-05",
                "promotion": "饿了么商家优惠",
                "total_orders": 1,
                "total_revenue": 12.95,
                "avg_discount": 4.0,
                "total_discount_amount": 4.0
            },
            {
                "order_month": "2024-06",
                "promotion": "5折",
                "total_orders": 2,
                "total_revenue": 30.0,
                "avg_discount": 15.0,
                "total_discount_amount": 30.0
            },
            {
                "order_month": "2024-06",
                "promotion": "ideaPod关系户",
                "total_orders": 2,
                "total_revenue": 56.32,
                "avg_discount": 3.84,
                "total_discount_amount": 7.68
            },
            {
                "order_month": "2024-06",
                "promotion": "ideaPod客户",
                "total_orders": 1,
                "total_revenue": 33.44,
                "avg_discount": 4.56,
                "total_discount_amount": 4.56
            },
            {
                "order_month": "2024-06",
                "promotion": "ideaPod客户,ideaPod客户",
                "total_orders": 1,
                "total_revenue": 100.32,
                "avg_discount": 13.68,
                "total_discount_amount": 13.68
            },
            {
                "order_month": "2024-06",
                "promotion": "ideaPod集点饮品兑换券",
                "total_orders": 9,
                "total_revenue": 244.0,
                "avg_discount": 35.77777777777778,
                "total_discount_amount": 322.0
            },
            {
                "order_month": "2024-06",
                "promotion": "ideaPod集点饮品兑换券,员工饮品88折,员工饮品88折,员工饮品88折,员工饮品88折",
                "total_orders": 1,
                "total_revenue": 5684.16,
                "avg_discount": 65.84,
                "total_discount_amount": 65.84
            },
            {
                "order_month": "2024-06",
                "promotion": "ideapod",
                "total_orders": 18,
                "total_revenue": 758.3199999999999,
                "avg_discount": 4.593333333333334,
                "total_discount_amount": 82.68
            },
            {
                "order_month": "2024-06",
                "promotion": "ideapod,ideapod",
                "total_orders": 4,
                "total_revenue": 242.88,
                "avg_discount": 8.280000000000001,
                "total_discount_amount": 33.120000000000005
            },
            {
                "order_month": "2024-06",
                "promotion": "众安最福利积分使用",
                "total_orders": 75,
                "total_revenue": 0.0,
                "avg_discount": 0.0,
                "total_discount_amount": 0.0
            },
            {
                "order_month": "2024-06",
                "promotion": "众安最福利积分使用,众安最福利积分使用",
                "total_orders": 24,
                "total_revenue": 0.0,
                "avg_discount": 0.0,
                "total_discount_amount": 0.0
            },
            {
                "order_month": "2024-06",
                "promotion": "众安最福利积分使用,众安最福利积分使用,众安最福利积分使用",
                "total_orders": 4,
                "total_revenue": 0.0,
                "avg_discount": 0.0,
                "total_discount_amount": 0.0
            },
            {
                "order_month": "2024-06",
                "promotion": "众安洛克餐饮88折",
                "total_orders": 22,
                "total_revenue": 672.32,
                "avg_discount": 4.167272727272727,
                "total_discount_amount": 91.67999999999999
            },
            {
                "order_month": "2024-06",
                "promotion": "众安洛克餐饮88折,众安洛克餐饮88折",
                "total_orders": 4,
                "total_revenue": 255.20000000000002,
                "avg_discount": 8.7,
                "total_discount_amount": 34.8
            },
            {
                "order_month": "2024-06",
                "promotion": "员工场景82折",
                "total_orders": 1,
                "total_revenue": 82.0,
                "avg_discount": 18.0,
                "total_discount_amount": 18.0
            },
            {
                "order_month": "2024-06",
                "promotion": "员工饮品88折",
                "total_orders": 13,
                "total_revenue": 2530.8,
                "avg_discount": 5.1692307692307695,
                "total_discount_amount": 67.2
            },
            {
                "order_month": "2024-06",
                "promotion": "员工饮品88折,员工饮品88折",
                "total_orders": 2,
                "total_revenue": 207.68,
                "avg_discount": 14.16,
                "total_discount_amount": 28.32
            },
            {
                "order_month": "2024-06",
                "promotion": "员工饮品88折,员工饮品88折,员工饮品88折",
                "total_orders": 2,
                "total_revenue": 193.60000000000002,
                "avg_discount": 13.2,
                "total_discount_amount": 26.4
            },
            {
                "order_month": "2024-06",
                "promotion": "员工饮料",
                "total_orders": 85,
                "total_revenue": 22.0,
                "avg_discount": 0.0,
                "total_discount_amount": 0.0
            },
            {
                "order_month": "2024-06",
                "promotion": "员工饮料,员工饮料",
                "total_orders": 7,
                "total_revenue": 0.0,
                "avg_discount": 0.0,
                "total_discount_amount": 0.0
            },
            {
                "order_month": "2024-06",
                "promotion": "员工饮料,员工饮料,员工饮料",
                "total_orders": 1,
                "total_revenue": 0.0,
                "avg_discount": 0.0,
                "total_discount_amount": 0.0
            },
            {
                "order_month": "2024-06",
                "promotion": "场景套餐赠送",
                "total_orders": 1,
                "total_revenue": 0.0,
                "avg_discount": 0.0,
                "total_discount_amount": 0.0
            },
            {
                "order_month": "2024-06",
                "promotion": "心流舱体验券1小时",
                "total_orders": 2,
                "total_revenue": 0.0,
                "avg_discount": 50.0,
                "total_discount_amount": 100.0
            },
            {
                "order_month": "2024-06",
                "promotion": "惊喜饮品兑换券-图书馆",
                "total_orders": 1,
                "total_revenue": 0.0,
                "avg_discount": 36.0,
                "total_discount_amount": 36.0
            },
            {
                "order_month": "2024-06",
                "promotion": "惊喜饮品兑换券-心流舱",
                "total_orders": 3,
                "total_revenue": 38.0,
                "avg_discount": 39.333333333333336,
                "total_discount_amount": 118.0
            },
            {
                "order_month": "2024-06",
                "promotion": "无优惠",
                "total_orders": 2210,
                "total_revenue": 139741.0,
                "avg_discount": 0.0,
                "total_discount_amount": 0.0
            },
            {
                "order_month": "2024-06",
                "promotion": "板块商用赠送",
                "total_orders": 5,
                "total_revenue": 0.0,
                "avg_discount": 0.0,
                "total_discount_amount": 0.0
            },
            {
                "order_month": "2024-06",
                "promotion": "板块商用赠送,板块商用赠送",
                "total_orders": 5,
                "total_revenue": 0.0,
                "avg_discount": 0.0,
                "total_discount_amount": 0.0
            },
            {
                "order_month": "2024-06",
                "promotion": "板块商用赠送,板块商用赠送,板块商用赠送",
                "total_orders": 1,
                "total_revenue": 0.0,
                "avg_discount": 0.0,
                "total_discount_amount": 0.0
            },
            {
                "order_month": "2024-06",
                "promotion": "美团商家优惠",
                "total_orders": 6,
                "total_revenue": 255.58,
                "avg_discount": 7.55,
                "total_discount_amount": 45.3
            },
            {
                "order_month": "2024-06",
                "promotion": "自带杯减5元",
                "total_orders": 5,
                "total_revenue": 123.0,
                "avg_discount": 5.0,
                "total_discount_amount": 25.0
            },
            {
                "order_month": "2024-06",
                "promotion": "自带杯减5元,自带杯减5元",
                "total_orders": 1,
                "total_revenue": 58.0,
                "avg_discount": 10.0,
                "total_discount_amount": 10.0
            },
            {
                "order_month": "2024-06",
                "promotion": "赠送",
                "total_orders": 7,
                "total_revenue": 0.0,
                "avg_discount": 0.0,
                "total_discount_amount": 0.0
            },
            {
                "order_month": "2024-06",
                "promotion": "饿了么商家优惠",
                "total_orders": 1,
                "total_revenue": 23.6,
                "avg_discount": 2.0,
                "total_discount_amount": 2.0
            },
            {
                "order_month": "2024-07",
                "promotion": "5折",
                "total_orders": 4,
                "total_revenue": 150.0,
                "avg_discount": 15.0,
                "total_discount_amount": 60.0
            },
            {
                "order_month": "2024-07",
                "promotion": "ideaPod关系户",
                "total_orders": 14,
                "total_revenue": 594.8,
                "avg_discount": 4.585714285714286,
                "total_discount_amount": 64.2
            },
            {
                "order_month": "2024-07",
                "promotion": "ideaPod关系户,ideaPod关系户",
                "total_orders": 3,
                "total_revenue": 186.56,
                "avg_discount": 8.479999999999999,
                "total_discount_amount": 25.439999999999998
            },
            {
                "order_month": "2024-07",
                "promotion": "ideaPod关系户,ideaPod关系户,ideaPod关系户",
                "total_orders": 2,
                "total_revenue": 182.16,
                "avg_discount": 12.42,
                "total_discount_amount": 24.84
            },
            {
                "order_month": "2024-07",
                "promotion": "ideaPod集点饮品兑换券",
                "total_orders": 11,
                "total_revenue": 138.0,
                "avg_discount": 32.90909090909091,
                "total_discount_amount": 362.0
            },
            {
                "order_month": "2024-07",
                "promotion": "ideapod",
                "total_orders": 20,
                "total_revenue": 873.8399999999999,
                "avg_discount": 5.958,
                "total_discount_amount": 119.16
            },
            {
                "order_month": "2024-07",
                "promotion": "ideapod,ideapod",
                "total_orders": 4,
                "total_revenue": 358.32,
                "avg_discount": 10.92,
                "total_discount_amount": 43.68
            },
            {
                "order_month": "2024-07",
                "promotion": "ideapod,ideapod,ideapod",
                "total_orders": 1,
                "total_revenue": 126.72,
                "avg_discount": 17.28,
                "total_discount_amount": 17.28
            },
            {
                "order_month": "2024-07",
                "promotion": "众安最福利积分使用",
                "total_orders": 98,
                "total_revenue": 0.0,
                "avg_discount": 0.0,
                "total_discount_amount": 0.0
            },
            {
                "order_month": "2024-07",
                "promotion": "众安最福利积分使用,众安最福利积分使用",
                "total_orders": 22,
                "total_revenue": 0.0,
                "avg_discount": 0.0,
                "total_discount_amount": 0.0
            },
            {
                "order_month": "2024-07",
                "promotion": "众安最福利积分使用,众安最福利积分使用,众安最福利积分使用",
                "total_orders": 2,
                "total_revenue": 0.0,
                "avg_discount": 0.0,
                "total_discount_amount": 0.0
            },
            {
                "order_month": "2024-07",
                "promotion": "众安洛克餐饮88折",
                "total_orders": 8,
                "total_revenue": 228.8,
                "avg_discount": 3.9,
                "total_discount_amount": 31.2
            },
            {
                "order_month": "2024-07",
                "promotion": "众安洛克餐饮88折,众安洛克餐饮88折",
                "total_orders": 1,
                "total_revenue": 56.32,
                "avg_discount": 7.68,
                "total_discount_amount": 7.68
            },
            {
                "order_month": "2024-07",
                "promotion": "员工场景82折",
                "total_orders": 2,
                "total_revenue": 336.2,
                "avg_discount": 36.9,
                "total_discount_amount": 73.8
            },
            {
                "order_month": "2024-07",
                "promotion": "员工饮品88折",
                "total_orders": 15,
                "total_revenue": 1519.92,
                "avg_discount": 7.272,
                "total_discount_amount": 109.08
            },
            {
                "order_month": "2024-07",
                "promotion": "员工饮品88折,员工饮品88折",
                "total_orders": 2,
                "total_revenue": 160.16,
                "avg_discount": 10.92,
                "total_discount_amount": 21.84
            },
            {
                "order_month": "2024-07",
                "promotion": "员工饮品88折,员工饮品88折,员工饮品88折,员工饮品88折,员工饮品88折",
                "total_orders": 1,
                "total_revenue": 234.84,
                "avg_discount": 26.16,
                "total_discount_amount": 26.16
            },
            {
                "order_month": "2024-07",
                "promotion": "员工饮料",
                "total_orders": 64,
                "total_revenue": 22.0,
                "avg_discount": 0.0,
                "total_discount_amount": 0.0
            },
            {
                "order_month": "2024-07",
                "promotion": "员工饮料,员工饮料",
                "total_orders": 9,
                "total_revenue": 0.0,
                "avg_discount": 0.0,
                "total_discount_amount": 0.0
            },
            {
                "order_month": "2024-07",
                "promotion": "员工饮料,员工饮料,员工饮料",
                "total_orders": 1,
                "total_revenue": 0.0,
                "avg_discount": 0.0,
                "total_discount_amount": 0.0
            },
            {
                "order_month": "2024-07",
                "promotion": "场景套餐赠送",
                "total_orders": 1,
                "total_revenue": 0.0,
                "avg_discount": 0.0,
                "total_discount_amount": 0.0
            },
            {
                "order_month": "2024-07",
                "promotion": "惊喜饮品兑换券-图书馆",
                "total_orders": 7,
                "total_revenue": 0.0,
                "avg_discount": 36.857142857142854,
                "total_discount_amount": 258.0
            },
            {
                "order_month": "2024-07",
                "promotion": "惊喜饮品兑换券-心流舱",
                "total_orders": 7,
                "total_revenue": 36.0,
                "avg_discount": 34.0,
                "total_discount_amount": 238.0
            },
            {
                "order_month": "2024-07",
                "promotion": "无优惠",
                "total_orders": 2008,
                "total_revenue": 123836.4,
                "avg_discount": 0.0,
                "total_discount_amount": 0.0
            },
            {
                "order_month": "2024-07",
                "promotion": "板块商用赠送",
                "total_orders": 16,
                "total_revenue": 0.0,
                "avg_discount": 0.0,
                "total_discount_amount": 0.0
            },
            {
                "order_month": "2024-07",
                "promotion": "板块商用赠送,板块商用赠送",
                "total_orders": 4,
                "total_revenue": 0.0,
                "avg_discount": 0.0,
                "total_discount_amount": 0.0
            },
            {
                "order_month": "2024-07",
                "promotion": "板块商用赠送,板块商用赠送,板块商用赠送",
                "total_orders": 1,
                "total_revenue": 0.0,
                "avg_discount": 0.0,
                "total_discount_amount": 0.0
            },
            {
                "order_month": "2024-07",
                "promotion": "板块商用赠送,板块商用赠送,板块商用赠送,板块商用赠送",
                "total_orders": 1,
                "total_revenue": 0.0,
                "avg_discount": 0.0,
                "total_discount_amount": 0.0
            },
            {
                "order_month": "2024-07",
                "promotion": "美团商家优惠",
                "total_orders": 2,
                "total_revenue": 103.75999999999999,
                "avg_discount": 7.6,
                "total_discount_amount": 15.2
            },
            {
                "order_month": "2024-07",
                "promotion": "自带书减3元",
                "total_orders": 1,
                "total_revenue": 35.0,
                "avg_discount": 3.0,
                "total_discount_amount": 3.0
            },
            {
                "order_month": "2024-07",
                "promotion": "自带杯减5元",
                "total_orders": 7,
                "total_revenue": 249.0,
                "avg_discount": 5.0,
                "total_discount_amount": 35.0
            },
            {
                "order_month": "2024-07",
                "promotion": "赠送",
                "total_orders": 1,
                "total_revenue": 0.0,
                "avg_discount": 0.0,
                "total_discount_amount": 0.0
            },
            {
                "order_month": "2024-07",
                "promotion": "饿了么商家优惠",
                "total_orders": 1,
                "total_revenue": 25.05,
                "avg_discount": 10.0,
                "total_discount_amount": 10.0
            },
            {
                "order_month": "2024-08",
                "promotion": "5折",
                "total_orders": 3,
                "total_revenue": 55.0,
                "avg_discount": 18.333333333333332,
                "total_discount_amount": 55.0
            },
            {
                "order_month": "2024-08",
                "promotion": "ideaPod关系户",
                "total_orders": 8,
                "total_revenue": 262.24,
                "avg_discount": 4.47,
                "total_discount_amount": 35.76
            },
            {
                "order_month": "2024-08",
                "promotion": "ideaPod关系户,ideaPod关系户",
                "total_orders": 1,
                "total_revenue": 47.52,
                "avg_discount": 6.48,
                "total_discount_amount": 6.48
            },
            {
                "order_month": "2024-08",
                "promotion": "ideaPod关系户,ideaPod关系户,ideaPod关系户",
                "total_orders": 1,
                "total_revenue": 86.24,
                "avg_discount": 11.76,
                "total_discount_amount": 11.76
            },
            {
                "order_month": "2024-08",
                "promotion": "ideaPod集点饮品兑换券",
                "total_orders": 13,
                "total_revenue": 255.0,
                "avg_discount": 32.92307692307692,
                "total_discount_amount": 428.0
            },
            {
                "order_month": "2024-08",
                "promotion": "ideapod",
                "total_orders": 14,
                "total_revenue": 564.64,
                "avg_discount": 5.382857142857143,
                "total_discount_amount": 75.36
            },
            {
                "order_month": "2024-08",
                "promotion": "ideapod,ideapod",
                "total_orders": 10,
                "total_revenue": 939.84,
                "avg_discount": 12.815999999999999,
                "total_discount_amount": 128.16
            },
            {
                "order_month": "2024-08",
                "promotion": "ideapod,ideapod,ideapod",
                "total_orders": 3,
                "total_revenue": 334.4,
                "avg_discount": 15.199999999999998,
                "total_discount_amount": 45.599999999999994
            },
            {
                "order_month": "2024-08",
                "promotion": "ideapod,ideapod,ideapod,ideapod,ideapod",
                "total_orders": 1,
                "total_revenue": 146.08,
                "avg_discount": 19.92,
                "total_discount_amount": 19.92
            },
            {
                "order_month": "2024-08",
                "promotion": "众安最福利积分使用",
                "total_orders": 96,
                "total_revenue": 0.0,
                "avg_discount": 0.0,
                "total_discount_amount": 0.0
            },
            {
                "order_month": "2024-08",
                "promotion": "众安最福利积分使用,众安最福利积分使用",
                "total_orders": 25,
                "total_revenue": 0.0,
                "avg_discount": 0.0,
                "total_discount_amount": 0.0
            },
            {
                "order_month": "2024-08",
                "promotion": "众安最福利积分使用,众安最福利积分使用,众安最福利积分使用",
                "total_orders": 2,
                "total_revenue": 0.0,
                "avg_discount": 0.0,
                "total_discount_amount": 0.0
            },
            {
                "order_month": "2024-08",
                "promotion": "众安洛克餐饮88折",
                "total_orders": 8,
                "total_revenue": 311.44,
                "avg_discount": 4.32,
                "total_discount_amount": 34.56
            },
            {
                "order_month": "2024-08",
                "promotion": "众安洛克餐饮88折,众安洛克餐饮88折",
                "total_orders": 4,
                "total_revenue": 264.0,
                "avg_discount": 9.0,
                "total_discount_amount": 36.0
            },
            {
                "order_month": "2024-08",
                "promotion": "加价购",
                "total_orders": 27,
                "total_revenue": 2095.6,
                "avg_discount": 3.3111111111111113,
                "total_discount_amount": 89.4
            },
            {
                "order_month": "2024-08",
                "promotion": "加价购,加价购,加价购",
                "total_orders": 1,
                "total_revenue": 121.4,
                "avg_discount": 11.6,
                "total_discount_amount": 11.6
            },
            {
                "order_month": "2024-08",
                "promotion": "员工场景82折",
                "total_orders": 1,
                "total_revenue": 41.0,
                "avg_discount": 9.0,
                "total_discount_amount": 9.0
            },
            {
                "order_month": "2024-08",
                "promotion": "员工饮品88折",
                "total_orders": 19,
                "total_revenue": 702.24,
                "avg_discount": 5.039999999999999,
                "total_discount_amount": 95.75999999999999
            },
            {
                "order_month": "2024-08",
                "promotion": "员工饮品88折,员工饮品88折",
                "total_orders": 3,
                "total_revenue": 164.56,
                "avg_discount": 7.48,
                "total_discount_amount": 22.44
            },
            {
                "order_month": "2024-08",
                "promotion": "员工饮品88折,员工饮品88折,众安洛克餐饮88折",
                "total_orders": 1,
                "total_revenue": 107.36,
                "avg_discount": 14.64,
                "total_discount_amount": 14.64
            },
            {
                "order_month": "2024-08",
                "promotion": "员工饮品88折,员工饮品88折,员工饮品88折",
                "total_orders": 1,
                "total_revenue": 100.32,
                "avg_discount": 13.68,
                "total_discount_amount": 13.68
            },
            {
                "order_month": "2024-08",
                "promotion": "员工饮品88折,员工饮料",
                "total_orders": 1,
                "total_revenue": 22.88,
                "avg_discount": 3.12,
                "total_discount_amount": 3.12
            },
            {
                "order_month": "2024-08",
                "promotion": "员工饮料",
                "total_orders": 105,
                "total_revenue": 0.0,
                "avg_discount": 0.0,
                "total_discount_amount": 0.0
            },
            {
                "order_month": "2024-08",
                "promotion": "员工饮料,员工饮料",
                "total_orders": 3,
                "total_revenue": 0.0,
                "avg_discount": 0.0,
                "total_discount_amount": 0.0
            },
            {
                "order_month": "2024-08",
                "promotion": "员工饮料,员工饮料,员工饮料",
                "total_orders": 2,
                "total_revenue": 0.0,
                "avg_discount": 0.0,
                "total_discount_amount": 0.0
            },
            {
                "order_month": "2024-08",
                "promotion": "场景套餐赠送",
                "total_orders": 3,
                "total_revenue": 2540.0,
                "avg_discount": 0.0,
                "total_discount_amount": 0.0
            },
            {
                "order_month": "2024-08",
                "promotion": "惊喜饮品兑换券-图书馆",
                "total_orders": 5,
                "total_revenue": 0.0,
                "avg_discount": 36.8,
                "total_discount_amount": 184.0
            },
            {
                "order_month": "2024-08",
                "promotion": "惊喜饮品兑换券-心流舱",
                "total_orders": 1,
                "total_revenue": 0.0,
                "avg_discount": 28.0,
                "total_discount_amount": 28.0
            },
            {
                "order_month": "2024-08",
                "promotion": "无优惠",
                "total_orders": 1896,
                "total_revenue": 111932.0,
                "avg_discount": 0.0,
                "total_discount_amount": 0.0
            },
            {
                "order_month": "2024-08",
                "promotion": "板块商用赠送",
                "total_orders": 9,
                "total_revenue": 0.0,
                "avg_discount": 0.0,
                "total_discount_amount": 0.0
            },
            {
                "order_month": "2024-08",
                "promotion": "板块商用赠送,板块商用赠送",
                "total_orders": 5,
                "total_revenue": 0.0,
                "avg_discount": 0.0,
                "total_discount_amount": 0.0
            },
            {
                "order_month": "2024-08",
                "promotion": "美团商家优惠",
                "total_orders": 5,
                "total_revenue": 305.0,
                "avg_discount": 7.659999999999999,
                "total_discount_amount": 38.3
            },
            {
                "order_month": "2024-08",
                "promotion": "自带杯减5元",
                "total_orders": 6,
                "total_revenue": 159.0,
                "avg_discount": 5.0,
                "total_discount_amount": 30.0
            },
            {
                "order_month": "2024-08",
                "promotion": "赠送",
                "total_orders": 2,
                "total_revenue": 0.0,
                "avg_discount": 0.0,
                "total_discount_amount": 0.0
            },
            {
                "order_month": "2024-08",
                "promotion": "赠送,赠送,赠送,赠送",
                "total_orders": 1,
                "total_revenue": 0.0,
                "avg_discount": 0.0,
                "total_discount_amount": 0.0
            },
            {
                "order_month": "2024-08",
                "promotion": "饿了么商家优惠",
                "total_orders": 4,
                "total_revenue": 104.06,
                "avg_discount": 4.0,
                "total_discount_amount": 16.0
            },
            {
                "order_month": "2024-09",
                "promotion": "5折",
                "total_orders": 1,
                "total_revenue": 63.0,
                "avg_discount": 15.0,
                "total_discount_amount": 15.0
            },
            {
                "order_month": "2024-09",
                "promotion": "ideaPod关系户",
                "total_orders": 8,
                "total_revenue": 323.84,
                "avg_discount": 5.52,
                "total_discount_amount": 44.16
            },
            {
                "order_month": "2024-09",
                "promotion": "ideaPod关系户,ideaPod关系户",
                "total_orders": 5,
                "total_revenue": 286.88,
                "avg_discount": 7.824,
                "total_discount_amount": 39.12
            },
            {
                "order_month": "2024-09",
                "promotion": "ideaPod关系户,ideaPod关系户,ideaPod关系户",
                "total_orders": 1,
                "total_revenue": 191.84,
                "avg_discount": 26.16,
                "total_discount_amount": 26.16
            },
            {
                "order_month": "2024-09",
                "promotion": "ideaPod关系户,众安洛克餐饮88折,众安洛克餐饮88折,ideaPod关系户,众安洛克餐饮88折,ideaPod关系户",
                "total_orders": 1,
                "total_revenue": 71.24,
                "avg_discount": 20.76,
                "total_discount_amount": 20.76
            },
            {
                "order_month": "2024-09",
                "promotion": "ideaPod集点饮品兑换券",
                "total_orders": 6,
                "total_revenue": 184.0,
                "avg_discount": 29.333333333333332,
                "total_discount_amount": 176.0
            },
            {
                "order_month": "2024-09",
                "promotion": "ideapod",
                "total_orders": 21,
                "total_revenue": 721.6,
                "avg_discount": 4.685714285714286,
                "total_discount_amount": 98.4
            },
            {
                "order_month": "2024-09",
                "promotion": "ideapod,ideapod",
                "total_orders": 10,
                "total_revenue": 596.64,
                "avg_discount": 8.136,
                "total_discount_amount": 81.36
            },
            {
                "order_month": "2024-09",
                "promotion": "ideapod,ideapod,ideapod",
                "total_orders": 2,
                "total_revenue": 218.24,
                "avg_discount": 14.879999999999999,
                "total_discount_amount": 29.759999999999998
            },
            {
                "order_month": "2024-09",
                "promotion": "众安最福利积分使用",
                "total_orders": 108,
                "total_revenue": 0.0,
                "avg_discount": 0.0,
                "total_discount_amount": 0.0
            },
            {
                "order_month": "2024-09",
                "promotion": "众安最福利积分使用,众安最福利积分使用",
                "total_orders": 38,
                "total_revenue": 0.0,
                "avg_discount": 0.0,
                "total_discount_amount": 0.0
            },
            {
                "order_month": "2024-09",
                "promotion": "众安最福利积分使用,众安最福利积分使用,众安最福利积分使用",
                "total_orders": 6,
                "total_revenue": 0.0,
                "avg_discount": 0.0,
                "total_discount_amount": 0.0
            },
            {
                "order_month": "2024-09",
                "promotion": "众安洛克餐饮88折",
                "total_orders": 18,
                "total_revenue": 1048.32,
                "avg_discount": 4.76,
                "total_discount_amount": 85.67999999999999
            },
            {
                "order_month": "2024-09",
                "promotion": "众安洛克餐饮88折,ideaPod关系户,ideaPod关系户,众安洛克餐饮88折",
                "total_orders": 1,
                "total_revenue": 51.11,
                "avg_discount": 14.89,
                "total_discount_amount": 14.89
            },
            {
                "order_month": "2024-09",
                "promotion": "众安洛克餐饮88折,众安洛克餐饮88折",
                "total_orders": 4,
                "total_revenue": 221.76,
                "avg_discount": 7.56,
                "total_discount_amount": 30.24
            },
            {
                "order_month": "2024-09",
                "promotion": "众安洛克餐饮88折,众安洛克餐饮88折,众安洛克餐饮88折,ideaPod关系户,员工饮品88折,ideaPod关系户,ideaPod关系户,ideaPod关系户",
                "total_orders": 1,
                "total_revenue": 105.32,
                "avg_discount": 30.68,
                "total_discount_amount": 30.68
            },
            {
                "order_month": "2024-09",
                "promotion": "加价购",
                "total_orders": 65,
                "total_revenue": 4581.0,
                "avg_discount": 3.230769230769231,
                "total_discount_amount": 210.0
            },
            {
                "order_month": "2024-09",
                "promotion": "加价购,ideapod",
                "total_orders": 1,
                "total_revenue": 31.68,
                "avg_discount": 6.32,
                "total_discount_amount": 6.32
            },
            {
                "order_month": "2024-09",
                "promotion": "员工场景82折,员工场景82折,员工场景82折",
                "total_orders": 1,
                "total_revenue": 246.0,
                "avg_discount": 54.0,
                "total_discount_amount": 54.0
            },
            {
                "order_month": "2024-09",
                "promotion": "员工饮品88折",
                "total_orders": 6,
                "total_revenue": 184.8,
                "avg_discount": 4.2,
                "total_discount_amount": 25.2
            },
            {
                "order_month": "2024-09",
                "promotion": "员工饮品88折,5折",
                "total_orders": 1,
                "total_revenue": 37.88,
                "avg_discount": 18.12,
                "total_discount_amount": 18.12
            },
            {
                "order_month": "2024-09",
                "promotion": "员工饮品88折,员工饮品88折",
                "total_orders": 2,
                "total_revenue": 926.88,
                "avg_discount": 19.56,
                "total_discount_amount": 39.12
            },
            {
                "order_month": "2024-09",
                "promotion": "员工饮料",
                "total_orders": 81,
                "total_revenue": 0.0,
                "avg_discount": 0.0,
                "total_discount_amount": 0.0
            },
            {
                "order_month": "2024-09",
                "promotion": "员工饮料,员工饮料",
                "total_orders": 14,
                "total_revenue": 0.0,
                "avg_discount": 0.0,
                "total_discount_amount": 0.0
            },
            {
                "order_month": "2024-09",
                "promotion": "员工饮料,员工饮料,员工饮料",
                "total_orders": 1,
                "total_revenue": 0.0,
                "avg_discount": 0.0,
                "total_discount_amount": 0.0
            },
            {
                "order_month": "2024-09",
                "promotion": "员工饮料,员工饮料,员工饮料,员工饮料",
                "total_orders": 1,
                "total_revenue": 0.0,
                "avg_discount": 0.0,
                "total_discount_amount": 0.0
            },
            {
                "order_month": "2024-09",
                "promotion": "大众点评套餐核销",
                "total_orders": 1,
                "total_revenue": 0.0,
                "avg_discount": 0.0,
                "total_discount_amount": 0.0
            },
            {
                "order_month": "2024-09",
                "promotion": "惊喜饮品兑换券-图书馆",
                "total_orders": 1,
                "total_revenue": 0.0,
                "avg_discount": 32.0,
                "total_discount_amount": 32.0
            },
            {
                "order_month": "2024-09",
                "promotion": "惊喜饮品兑换券-心流舱",
                "total_orders": 4,
                "total_revenue": 74.0,
                "avg_discount": 35.5,
                "total_discount_amount": 142.0
            },
            {
                "order_month": "2024-09",
                "promotion": "无优惠",
                "total_orders": 2081,
                "total_revenue": 117310.0,
                "avg_discount": 0.0,
                "total_discount_amount": 0.0
            },
            {
                "order_month": "2024-09",
                "promotion": "板块商用赠送",
                "total_orders": 17,
                "total_revenue": 0.0,
                "avg_discount": 0.0,
                "total_discount_amount": 0.0
            },
            {
                "order_month": "2024-09",
                "promotion": "板块商用赠送,板块商用赠送",
                "total_orders": 2,
                "total_revenue": 0.0,
                "avg_discount": 0.0,
                "total_discount_amount": 0.0
            },
            {
                "order_month": "2024-09",
                "promotion": "板块商用赠送,板块商用赠送,板块商用赠送",
                "total_orders": 1,
                "total_revenue": 0.0,
                "avg_discount": 0.0,
                "total_discount_amount": 0.0
            },
            {
                "order_month": "2024-09",
                "promotion": "板块商用赠送,板块商用赠送,板块商用赠送,板块商用赠送",
                "total_orders": 1,
                "total_revenue": 0.0,
                "avg_discount": 0.0,
                "total_discount_amount": 0.0
            },
            {
                "order_month": "2024-09",
                "promotion": "洛克消费减免10元",
                "total_orders": 1,
                "total_revenue": 22.0,
                "avg_discount": 10.0,
                "total_discount_amount": 10.0
            },
            {
                "order_month": "2024-09",
                "promotion": "美团商家优惠",
                "total_orders": 2,
                "total_revenue": 39.3,
                "avg_discount": 5.65,
                "total_discount_amount": 11.3
            },
            {
                "order_month": "2024-09",
                "promotion": "自带杯减5元",
                "total_orders": 11,
                "total_revenue": 307.0,
                "avg_discount": 5.0,
                "total_discount_amount": 55.0
            },
            {
                "order_month": "2024-09",
                "promotion": "赠送",
                "total_orders": 2,
                "total_revenue": 0.0,
                "avg_discount": 0.0,
                "total_discount_amount": 0.0
            },
            {
                "order_month": "2024-10",
                "promotion": "5折",
                "total_orders": 7,
                "total_revenue": 648.0,
                "avg_discount": 32.857142857142854,
                "total_discount_amount": 230.0
            },
            {
                "order_month": "2024-10",
                "promotion": "ideaPod关系户",
                "total_orders": 3,
                "total_revenue": 91.52000000000001,
                "avg_discount": 4.16,
                "total_discount_amount": 12.48
            },
            {
                "order_month": "2024-10",
                "promotion": "ideaPod关系户,ideaPod关系户",
                "total_orders": 3,
                "total_revenue": 224.56,
                "avg_discount": 8.479999999999999,
                "total_discount_amount": 25.439999999999998
            },
            {
                "order_month": "2024-10",
                "promotion": "ideaPod集点饮品兑换券",
                "total_orders": 1,
                "total_revenue": 0.0,
                "avg_discount": 38.0,
                "total_discount_amount": 38.0
            },
            {
                "order_month": "2024-10",
                "promotion": "ideapod",
                "total_orders": 15,
                "total_revenue": 618.08,
                "avg_discount": 4.928,
                "total_discount_amount": 73.92
            },
            {
                "order_month": "2024-10",
                "promotion": "ideapod,ideapod",
                "total_orders": 1,
                "total_revenue": 52.8,
                "avg_discount": 7.2,
                "total_discount_amount": 7.2
            },
            {
                "order_month": "2024-10",
                "promotion": "ideapod,ideapod,ideapod",
                "total_orders": 1,
                "total_revenue": 73.92,
                "avg_discount": 10.08,
                "total_discount_amount": 10.08
            },
            {
                "order_month": "2024-10",
                "promotion": "ideapod,ideapod,加价购",
                "total_orders": 1,
                "total_revenue": 67.88,
                "avg_discount": 10.12,
                "total_discount_amount": 10.12
            },
            {
                "order_month": "2024-10",
                "promotion": "ideapod,加价购,ideapod,ideapod",
                "total_orders": 1,
                "total_revenue": 122.44,
                "avg_discount": 17.56,
                "total_discount_amount": 17.56
            },
            {
                "order_month": "2024-10",
                "promotion": "众安最福利积分使用",
                "total_orders": 99,
                "total_revenue": 0.0,
                "avg_discount": 0.0,
                "total_discount_amount": 0.0
            },
            {
                "order_month": "2024-10",
                "promotion": "众安最福利积分使用,众安最福利积分使用",
                "total_orders": 33,
                "total_revenue": 0.0,
                "avg_discount": 0.0,
                "total_discount_amount": 0.0
            },
            {
                "order_month": "2024-10",
                "promotion": "众安最福利积分使用,众安最福利积分使用,众安最福利积分使用",
                "total_orders": 6,
                "total_revenue": 0.0,
                "avg_discount": 0.0,
                "total_discount_amount": 0.0
            },
            {
                "order_month": "2024-10",
                "promotion": "众安洛克餐饮88折",
                "total_orders": 1,
                "total_revenue": 19.36,
                "avg_discount": 2.64,
                "total_discount_amount": 2.64
            },
            {
                "order_month": "2024-10",
                "promotion": "众安洛克餐饮88折,众安洛克餐饮88折",
                "total_orders": 1,
                "total_revenue": 51.04,
                "avg_discount": 6.96,
                "total_discount_amount": 6.96
            },
            {
                "order_month": "2024-10",
                "promotion": "加价购",
                "total_orders": 73,
                "total_revenue": 4922.8,
                "avg_discount": 2.1397260273972605,
                "total_discount_amount": 156.20000000000002
            },
            {
                "order_month": "2024-10",
                "promotion": "加价购,ideapod",
                "total_orders": 1,
                "total_revenue": 34.44,
                "avg_discount": 5.56,
                "total_discount_amount": 5.56
            },
            {
                "order_month": "2024-10",
                "promotion": "加价购,ideapod,ideapod",
                "total_orders": 1,
                "total_revenue": 71.4,
                "avg_discount": 10.6,
                "total_discount_amount": 10.6
            },
            {
                "order_month": "2024-10",
                "promotion": "加价购,ideapod,ideapod,ideapod",
                "total_orders": 1,
                "total_revenue": 116.28,
                "avg_discount": 16.72,
                "total_discount_amount": 16.72
            },
            {
                "order_month": "2024-10",
                "promotion": "员工场景82折",
                "total_orders": 2,
                "total_revenue": 246.0,
                "avg_discount": 27.0,
                "total_discount_amount": 54.0
            },
            {
                "order_month": "2024-10",
                "promotion": "员工饮品88折",
                "total_orders": 9,
                "total_revenue": 350.71999999999997,
                "avg_discount": 4.586666666666667,
                "total_discount_amount": 41.28
            },
            {
                "order_month": "2024-10",
                "promotion": "员工饮品88折,众安洛克餐饮88折",
                "total_orders": 1,
                "total_revenue": 61.6,
                "avg_discount": 8.4,
                "total_discount_amount": 8.4
            },
            {
                "order_month": "2024-10",
                "promotion": "员工饮品88折,员工饮品88折",
                "total_orders": 6,
                "total_revenue": 343.2,
                "avg_discount": 7.800000000000001,
                "total_discount_amount": 46.800000000000004
            },
            {
                "order_month": "2024-10",
                "promotion": "员工饮料",
                "total_orders": 120,
                "total_revenue": 0.0,
                "avg_discount": 0.0,
                "total_discount_amount": 0.0
            },
            {
                "order_month": "2024-10",
                "promotion": "员工饮料,众安最福利积分使用",
                "total_orders": 1,
                "total_revenue": 0.0,
                "avg_discount": 0.0,
                "total_discount_amount": 0.0
            },
            {
                "order_month": "2024-10",
                "promotion": "员工饮料,员工饮料",
                "total_orders": 15,
                "total_revenue": 0.0,
                "avg_discount": 0.0,
                "total_discount_amount": 0.0
            },
            {
                "order_month": "2024-10",
                "promotion": "员工饮料,员工饮料,员工饮料",
                "total_orders": 1,
                "total_revenue": 0.0,
                "avg_discount": 0.0,
                "total_discount_amount": 0.0
            },
            {
                "order_month": "2024-10",
                "promotion": "员工饮料,员工饮料,员工饮料,员工饮料",
                "total_orders": 1,
                "total_revenue": 0.0,
                "avg_discount": 0.0,
                "total_discount_amount": 0.0
            },
            {
                "order_month": "2024-10",
                "promotion": "场景套餐赠送",
                "total_orders": 5,
                "total_revenue": 0.0,
                "avg_discount": 0.0,
                "total_discount_amount": 0.0
            },
            {
                "order_month": "2024-10",
                "promotion": "场景套餐赠送,场景套餐赠送",
                "total_orders": 1,
                "total_revenue": 0.0,
                "avg_discount": 0.0,
                "total_discount_amount": 0.0
            },
            {
                "order_month": "2024-10",
                "promotion": "惊喜饮品兑换券-心流舱",
                "total_orders": 1,
                "total_revenue": 0.0,
                "avg_discount": 38.0,
                "total_discount_amount": 38.0
            },
            {
                "order_month": "2024-10",
                "promotion": "无优惠",
                "total_orders": 2540,
                "total_revenue": 149531.0,
                "avg_discount": 0.0,
                "total_discount_amount": 0.0
            },
            {
                "order_month": "2024-10",
                "promotion": "板块商用赠送",
                "total_orders": 9,
                "total_revenue": 0.0,
                "avg_discount": 0.0,
                "total_discount_amount": 0.0
            },
            {
                "order_month": "2024-10",
                "promotion": "板块商用赠送,板块商用赠送",
                "total_orders": 2,
                "total_revenue": 0.0,
                "avg_discount": 0.0,
                "total_discount_amount": 0.0
            },
            {
                "order_month": "2024-10",
                "promotion": "板块商用赠送,板块商用赠送,众安最福利积分使用,板块商用赠送",
                "total_orders": 1,
                "total_revenue": 0.0,
                "avg_discount": 0.0,
                "total_discount_amount": 0.0
            },
            {
                "order_month": "2024-10",
                "promotion": "板块商用赠送,板块商用赠送,板块商用赠送,板块商用赠送",
                "total_orders": 1,
                "total_revenue": 0.0,
                "avg_discount": 0.0,
                "total_discount_amount": 0.0
            },
            {
                "order_month": "2024-10",
                "promotion": "板块商用赠送,板块商用赠送,板块商用赠送,板块商用赠送,板块商用赠送",
                "total_orders": 2,
                "total_revenue": 0.0,
                "avg_discount": 0.0,
                "total_discount_amount": 0.0
            },
            {
                "order_month": "2024-10",
                "promotion": "美团商家优惠",
                "total_orders": 4,
                "total_revenue": 152.3,
                "avg_discount": 8.075,
                "total_discount_amount": 32.3
            },
            {
                "order_month": "2024-10",
                "promotion": "自带杯减5元",
                "total_orders": 17,
                "total_revenue": 441.0,
                "avg_discount": 5.0,
                "total_discount_amount": 85.0
            },
            {
                "order_month": "2024-10",
                "promotion": "赠送",
                "total_orders": 1,
                "total_revenue": 0.0,
                "avg_discount": 0.0,
                "total_discount_amount": 0.0
            },
            {
                "order_month": "2024-10",
                "promotion": "赠送,员工饮料",
                "total_orders": 1,
                "total_revenue": 0.0,
                "avg_discount": 0.0,
                "total_discount_amount": 0.0
            },
            {
                "order_month": "2024-10",
                "promotion": "饿了么商家优惠",
                "total_orders": 1,
                "total_revenue": 38.04,
                "avg_discount": 10.0,
                "total_discount_amount": 10.0
            },
            {
                "order_month": "2024-11",
                "promotion": "5折",
                "total_orders": 5,
                "total_revenue": 1085.0,
                "avg_discount": 41.0,
                "total_discount_amount": 205.0
            },
            {
                "order_month": "2024-11",
                "promotion": "OPEN DAY「任意饮品第二杯免单",
                "total_orders": 18,
                "total_revenue": 598.0,
                "avg_discount": 0.0,
                "total_discount_amount": 0.0
            },
            {
                "order_month": "2024-11",
                "promotion": "ideaPod关系户",
                "total_orders": 3,
                "total_revenue": 88.0,
                "avg_discount": 4.0,
                "total_discount_amount": 12.0
            },
            {
                "order_month": "2024-11",
                "promotion": "ideaPod关系户,ideaPod关系户",
                "total_orders": 1,
                "total_revenue": 66.88,
                "avg_discount": 9.12,
                "total_discount_amount": 9.12
            },
            {
                "order_month": "2024-11",
                "promotion": "ideaPod集点饮品兑换券",
                "total_orders": 1,
                "total_revenue": 80.0,
                "avg_discount": 38.0,
                "total_discount_amount": 38.0
            },
            {
                "order_month": "2024-11",
                "promotion": "ideapod",
                "total_orders": 10,
                "total_revenue": 232.32,
                "avg_discount": 3.168,
                "total_discount_amount": 31.68
            },
            {
                "order_month": "2024-11",
                "promotion": "ideapod,ideapod",
                "total_orders": 3,
                "total_revenue": 191.84,
                "avg_discount": 8.72,
                "total_discount_amount": 26.16
            },
            {
                "order_month": "2024-11",
                "promotion": "ideapod,ideapod,ideapod",
                "total_orders": 2,
                "total_revenue": 248.16000000000003,
                "avg_discount": 16.92,
                "total_discount_amount": 33.84
            },
            {
                "order_month": "2024-11",
                "promotion": "ideapod,ideapod,加价购",
                "total_orders": 1,
                "total_revenue": 67.88,
                "avg_discount": 10.12,
                "total_discount_amount": 10.12
            },
            {
                "order_month": "2024-11",
                "promotion": "ideapod,加价购",
                "total_orders": 1,
                "total_revenue": 46.76,
                "avg_discount": 7.24,
                "total_discount_amount": 7.24
            },
            {
                "order_month": "2024-11",
                "promotion": "ideapod,加价购,ideapod",
                "total_orders": 2,
                "total_revenue": 144.56,
                "avg_discount": 10.719999999999999,
                "total_discount_amount": 21.439999999999998
            },
            {
                "order_month": "2024-11",
                "promotion": "众安最福利积分使用",
                "total_orders": 112,
                "total_revenue": 0.0,
                "avg_discount": 0.0,
                "total_discount_amount": 0.0
            },
            {
                "order_month": "2024-11",
                "promotion": "众安最福利积分使用,众安最福利积分使用",
                "total_orders": 34,
                "total_revenue": 0.0,
                "avg_discount": 0.0,
                "total_discount_amount": 0.0
            },
            {
                "order_month": "2024-11",
                "promotion": "众安最福利积分使用,众安最福利积分使用,众安最福利积分使用",
                "total_orders": 1,
                "total_revenue": 0.0,
                "avg_discount": 0.0,
                "total_discount_amount": 0.0
            },
            {
                "order_month": "2024-11",
                "promotion": "众安最福利积分使用,众安最福利积分使用,众安最福利积分使用,众安最福利积分使用",
                "total_orders": 2,
                "total_revenue": 0.0,
                "avg_discount": 0.0,
                "total_discount_amount": 0.0
            },
            {
                "order_month": "2024-11",
                "promotion": "众安洛克餐饮88折",
                "total_orders": 7,
                "total_revenue": 205.92000000000002,
                "avg_discount": 4.011428571428572,
                "total_discount_amount": 28.08
            },
            {
                "order_month": "2024-11",
                "promotion": "众安洛克餐饮88折,员工饮品88折",
                "total_orders": 1,
                "total_revenue": 61.6,
                "avg_discount": 8.4,
                "total_discount_amount": 8.4
            },
            {
                "order_month": "2024-11",
                "promotion": "众安洛克餐饮88折,自带杯减5元",
                "total_orders": 1,
                "total_revenue": 55.16,
                "avg_discount": 8.84,
                "total_discount_amount": 8.84
            },
            {
                "order_month": "2024-11",
                "promotion": "加价购",
                "total_orders": 57,
                "total_revenue": 4254.599999999999,
                "avg_discount": 2.2,
                "total_discount_amount": 125.4
            },
            {
                "order_month": "2024-11",
                "promotion": "加价购,ideapod",
                "total_orders": 4,
                "total_revenue": 218.48,
                "avg_discount": 6.88,
                "total_discount_amount": 27.52
            },
            {
                "order_month": "2024-11",
                "promotion": "员工场景饮品88折",
                "total_orders": 4,
                "total_revenue": 448.8,
                "avg_discount": 15.3,
                "total_discount_amount": 61.2
            },
            {
                "order_month": "2024-11",
                "promotion": "员工场景饮品88折,员工场景饮品88折",
                "total_orders": 1,
                "total_revenue": 75.68,
                "avg_discount": 10.32,
                "total_discount_amount": 10.32
            },
            {
                "order_month": "2024-11",
                "promotion": "员工饮品88折",
                "total_orders": 16,
                "total_revenue": 535.04,
                "avg_discount": 4.56,
                "total_discount_amount": 72.96
            },
            {
                "order_month": "2024-11",
                "promotion": "员工饮品88折,员工饮品88折",
                "total_orders": 4,
                "total_revenue": 668.8000000000001,
                "avg_discount": 22.800000000000004,
                "total_discount_amount": 91.20000000000002
            },
            {
                "order_month": "2024-11",
                "promotion": "员工饮料",
                "total_orders": 104,
                "total_revenue": 0.0,
                "avg_discount": 0.0,
                "total_discount_amount": 0.0
            },
            {
                "order_month": "2024-11",
                "promotion": "员工饮料,员工饮料",
                "total_orders": 14,
                "total_revenue": 0.0,
                "avg_discount": 0.0,
                "total_discount_amount": 0.0
            },
            {
                "order_month": "2024-11",
                "promotion": "员工饮料,员工饮料,员工饮料",
                "total_orders": 2,
                "total_revenue": 0.0,
                "avg_discount": 0.0,
                "total_discount_amount": 0.0
            },
            {
                "order_month": "2024-11",
                "promotion": "场景套餐赠送",
                "total_orders": 4,
                "total_revenue": 0.0,
                "avg_discount": 0.0,
                "total_discount_amount": 0.0
            },
            {
                "order_month": "2024-11",
                "promotion": "户外吧台拍摄一小时",
                "total_orders": 1,
                "total_revenue": 22.0,
                "avg_discount": 22.0,
                "total_discount_amount": 22.0
            },
            {
                "order_month": "2024-11",
                "promotion": "无优惠",
                "total_orders": 2389,
                "total_revenue": 140845.32,
                "avg_discount": 0.0,
                "total_discount_amount": 0.0
            },
            {
                "order_month": "2024-11",
                "promotion": "板块商用赠送",
                "total_orders": 13,
                "total_revenue": 0.0,
                "avg_discount": 0.0,
                "total_discount_amount": 0.0
            },
            {
                "order_month": "2024-11",
                "promotion": "板块商用赠送,板块商用赠送",
                "total_orders": 2,
                "total_revenue": 5000.0,
                "avg_discount": 0.0,
                "total_discount_amount": 0.0
            },
            {
                "order_month": "2024-11",
                "promotion": "板块商用赠送,板块商用赠送,板块商用赠送,板块商用赠送",
                "total_orders": 1,
                "total_revenue": 0.0,
                "avg_discount": 0.0,
                "total_discount_amount": 0.0
            },
            {
                "order_month": "2024-11",
                "promotion": "板块商用赠送,板块商用赠送,板块商用赠送,板块商用赠送,板块商用赠送",
                "total_orders": 1,
                "total_revenue": 0.0,
                "avg_discount": 0.0,
                "total_discount_amount": 0.0
            },
            {
                "order_month": "2024-11",
                "promotion": "每月OPEN DAY 「买一赠一」",
                "total_orders": 23,
                "total_revenue": 1208.0,
                "avg_discount": 30.869565217391305,
                "total_discount_amount": 710.0
            },
            {
                "order_month": "2024-11",
                "promotion": "每月OPEN DAY 「咖啡豆8.8折」",
                "total_orders": 1,
                "total_revenue": 106.0,
                "avg_discount": 10.0,
                "total_discount_amount": 10.0
            },
            {
                "order_month": "2024-11",
                "promotion": "洛克消费减免10元",
                "total_orders": 3,
                "total_revenue": 94.0,
                "avg_discount": 10.0,
                "total_discount_amount": 30.0
            },
            {
                "order_month": "2024-11",
                "promotion": "美团商家优惠",
                "total_orders": 1,
                "total_revenue": 75.13,
                "avg_discount": 8.3,
                "total_discount_amount": 8.3
            },
            {
                "order_month": "2024-11",
                "promotion": "自带杯减5元",
                "total_orders": 12,
                "total_revenue": 312.0,
                "avg_discount": 5.0,
                "total_discount_amount": 60.0
            },
            {
                "order_month": "2024-11",
                "promotion": "自带杯减5元,OPEN DAY「任意饮品第二杯免单",
                "total_orders": 1,
                "total_revenue": 27.0,
                "avg_discount": 5.0,
                "total_discount_amount": 5.0
            },
            {
                "order_month": "2024-11",
                "promotion": "赠送",
                "total_orders": 5,
                "total_revenue": 0.0,
                "avg_discount": 0.0,
                "total_discount_amount": 0.0
            },
            {
                "order_month": "2024-11",
                "promotion": "赠送,板块商用赠送",
                "total_orders": 1,
                "total_revenue": 0.0,
                "avg_discount": 0.0,
                "total_discount_amount": 0.0
            },
            {
                "order_month": "2024-11",
                "promotion": "赠送,赠送",
                "total_orders": 2,
                "total_revenue": 0.0,
                "avg_discount": 0.0,
                "total_discount_amount": 0.0
            },
            {
                "order_month": "2024-11",
                "promotion": "赠送,赠送,赠送",
                "total_orders": 2,
                "total_revenue": 0.0,
                "avg_discount": 0.0,
                "total_discount_amount": 0.0
            },
            {
                "order_month": "2024-12",
                "promotion": "5折",
                "total_orders": 15,
                "total_revenue": 3246.0,
                "avg_discount": 30.333333333333332,
                "total_discount_amount": 455.0
            },
            {
                "order_month": "2024-12",
                "promotion": "OPEN DAY「任意饮品第二杯免单",
                "total_orders": 8,
                "total_revenue": 292.0,
                "avg_discount": 0.0,
                "total_discount_amount": 0.0
            },
            {
                "order_month": "2024-12",
                "promotion": "OPEN DAY「任意饮品第二杯免单,众安最福利积分使用",
                "total_orders": 1,
                "total_revenue": 0.0,
                "avg_discount": 0.0,
                "total_discount_amount": 0.0
            },
            {
                "order_month": "2024-12",
                "promotion": "ideaPod关系户",
                "total_orders": 14,
                "total_revenue": 429.44,
                "avg_discount": 4.182857142857143,
                "total_discount_amount": 58.56
            },
            {
                "order_month": "2024-12",
                "promotion": "ideapod",
                "total_orders": 23,
                "total_revenue": 902.32,
                "avg_discount": 4.377391304347825,
                "total_discount_amount": 100.67999999999999
            },
            {
                "order_month": "2024-12",
                "promotion": "ideapod,ideapod",
                "total_orders": 2,
                "total_revenue": 128.48000000000002,
                "avg_discount": 8.76,
                "total_discount_amount": 17.52
            },
            {
                "order_month": "2024-12",
                "promotion": "ideapod,ideapod,ideapod",
                "total_orders": 1,
                "total_revenue": 89.76,
                "avg_discount": 12.24,
                "total_discount_amount": 12.24
            },
            {
                "order_month": "2024-12",
                "promotion": "ideapod,ideapod,ideapod,ideapod,ideapod,ideapod",
                "total_orders": 1,
                "total_revenue": 177.76,
                "avg_discount": 24.24,
                "total_discount_amount": 24.24
            },
            {
                "order_month": "2024-12",
                "promotion": "ideapod,加价购,ideapod,ideapod",
                "total_orders": 1,
                "total_revenue": 108.36,
                "avg_discount": 15.64,
                "total_discount_amount": 15.64
            },
            {
                "order_month": "2024-12",
                "promotion": "众安最福利积分使用",
                "total_orders": 67,
                "total_revenue": 0.0,
                "avg_discount": 0.0,
                "total_discount_amount": 0.0
            },
            {
                "order_month": "2024-12",
                "promotion": "众安最福利积分使用,众安最福利积分使用",
                "total_orders": 35,
                "total_revenue": 0.0,
                "avg_discount": 0.0,
                "total_discount_amount": 0.0
            },
            {
                "order_month": "2024-12",
                "promotion": "众安最福利积分使用,众安最福利积分使用,众安最福利积分使用",
                "total_orders": 4,
                "total_revenue": 0.0,
                "avg_discount": 0.0,
                "total_discount_amount": 0.0
            },
            {
                "order_month": "2024-12",
                "promotion": "众安最福利积分使用,众安最福利积分使用,众安最福利积分使用,众安最福利积分使用",
                "total_orders": 1,
                "total_revenue": 0.0,
                "avg_discount": 0.0,
                "total_discount_amount": 0.0
            },
            {
                "order_month": "2024-12",
                "promotion": "众安洛克场景88折",
                "total_orders": 1,
                "total_revenue": 1646.4,
                "avg_discount": 33.6,
                "total_discount_amount": 33.6
            },
            {
                "order_month": "2024-12",
                "promotion": "众安洛克餐饮88折",
                "total_orders": 8,
                "total_revenue": 214.72,
                "avg_discount": 3.66,
                "total_discount_amount": 29.28
            },
            {
                "order_month": "2024-12",
                "promotion": "众安洛克餐饮88折,众安洛克餐饮88折",
                "total_orders": 5,
                "total_revenue": 302.71999999999997,
                "avg_discount": 8.256,
                "total_discount_amount": 41.28
            },
            {
                "order_month": "2024-12",
                "promotion": "众安洛克餐饮88折,众安洛克餐饮88折,众安洛克餐饮88折",
                "total_orders": 1,
                "total_revenue": 262.24,
                "avg_discount": 35.76,
                "total_discount_amount": 35.76
            },
            {
                "order_month": "2024-12",
                "promotion": "众安洛克餐饮88折,众安洛克餐饮88折,众安洛克餐饮88折,众安洛克餐饮88折",
                "total_orders": 2,
                "total_revenue": 318.56,
                "avg_discount": 21.72,
                "total_discount_amount": 43.44
            },
            {
                "order_month": "2024-12",
                "promotion": "加价购",
                "total_orders": 67,
                "total_revenue": 4496.0,
                "avg_discount": 2.1343283582089554,
                "total_discount_amount": 143.0
            },
            {
                "order_month": "2024-12",
                "promotion": "加价购,ideapod,ideapod",
                "total_orders": 1,
                "total_revenue": 83.72,
                "avg_discount": 12.28,
                "total_discount_amount": 12.28
            },
            {
                "order_month": "2024-12",
                "promotion": "加价购,每月OPEN DAY 「买一赠一」",
                "total_orders": 1,
                "total_revenue": 47.8,
                "avg_discount": 30.2,
                "total_discount_amount": 30.2
            },
            {
                "order_month": "2024-12",
                "promotion": "员工场景82折",
                "total_orders": 4,
                "total_revenue": 180.4,
                "avg_discount": 9.9,
                "total_discount_amount": 39.6
            },
            {
                "order_month": "2024-12",
                "promotion": "员工场景82折,员工场景82折",
                "total_orders": 1,
                "total_revenue": 102.5,
                "avg_discount": 22.5,
                "total_discount_amount": 22.5
            },
            {
                "order_month": "2024-12",
                "promotion": "员工场景饮品88折",
                "total_orders": 6,
                "total_revenue": 558.96,
                "avg_discount": 11.840000000000002,
                "total_discount_amount": 71.04
            },
            {
                "order_month": "2024-12",
                "promotion": "员工场景饮品88折,员工场景饮品88折",
                "total_orders": 4,
                "total_revenue": 1685.92,
                "avg_discount": 22.02,
                "total_discount_amount": 88.08
            },
            {
                "order_month": "2024-12",
                "promotion": "员工场景饮品88折,员工场景饮品88折,众安洛克餐饮88折,员工场景饮品88折",
                "total_orders": 1,
                "total_revenue": 119.68,
                "avg_discount": 16.32,
                "total_discount_amount": 16.32
            },
            {
                "order_month": "2024-12",
                "promotion": "员工饮料",
                "total_orders": 87,
                "total_revenue": 0.0,
                "avg_discount": 0.0,
                "total_discount_amount": 0.0
            },
            {
                "order_month": "2024-12",
                "promotion": "员工饮料,员工饮料",
                "total_orders": 21,
                "total_revenue": 0.0,
                "avg_discount": 0.0,
                "total_discount_amount": 0.0
            },
            {
                "order_month": "2024-12",
                "promotion": "员工饮料,员工饮料,员工饮料",
                "total_orders": 1,
                "total_revenue": 0.0,
                "avg_discount": 0.0,
                "total_discount_amount": 0.0
            },
            {
                "order_month": "2024-12",
                "promotion": "员工饮料,员工饮料,员工饮料,员工饮料",
                "total_orders": 1,
                "total_revenue": 0.0,
                "avg_discount": 0.0,
                "total_discount_amount": 0.0
            },
            {
                "order_month": "2024-12",
                "promotion": "员工饮料,员工饮料,员工饮料,员工饮料,员工饮料,员工饮料",
                "total_orders": 1,
                "total_revenue": 0.0,
                "avg_discount": 0.0,
                "total_discount_amount": 0.0
            },
            {
                "order_month": "2024-12",
                "promotion": "员工饮料,赠送,员工饮料",
                "total_orders": 1,
                "total_revenue": 0.0,
                "avg_discount": 0.0,
                "total_discount_amount": 0.0
            },
            {
                "order_month": "2024-12",
                "promotion": "场景套餐赠送",
                "total_orders": 2,
                "total_revenue": 0.0,
                "avg_discount": 0.0,
                "total_discount_amount": 0.0
            },
            {
                "order_month": "2024-12",
                "promotion": "无优惠",
                "total_orders": 2442,
                "total_revenue": 150816.0,
                "avg_discount": 0.0,
                "total_discount_amount": 0.0
            },
            {
                "order_month": "2024-12",
                "promotion": "板块商用赠送",
                "total_orders": 10,
                "total_revenue": 0.0,
                "avg_discount": 0.0,
                "total_discount_amount": 0.0
            },
            {
                "order_month": "2024-12",
                "promotion": "板块商用赠送,板块商用赠送",
                "total_orders": 3,
                "total_revenue": 0.0,
                "avg_discount": 0.0,
                "total_discount_amount": 0.0
            },
            {
                "order_month": "2024-12",
                "promotion": "板块商用赠送,板块商用赠送,板块商用赠送",
                "total_orders": 1,
                "total_revenue": 0.0,
                "avg_discount": 0.0,
                "total_discount_amount": 0.0
            },
            {
                "order_month": "2024-12",
                "promotion": "板块商用赠送,板块商用赠送,板块商用赠送,板块商用赠送",
                "total_orders": 1,
                "total_revenue": 0.0,
                "avg_discount": 0.0,
                "total_discount_amount": 0.0
            },
            {
                "order_month": "2024-12",
                "promotion": "板块商用赠送,板块商用赠送,板块商用赠送,板块商用赠送,板块商用赠送,板块商用赠送",
                "total_orders": 2,
                "total_revenue": 0.0,
                "avg_discount": 0.0,
                "total_discount_amount": 0.0
            },
            {
                "order_month": "2024-12",
                "promotion": "板块商用赠送,板块商用赠送,板块商用赠送,板块商用赠送,板块商用赠送,板块商用赠送,板块商用赠送,板块商用赠送,板块商用赠送",
                "total_orders": 1,
                "total_revenue": 0.0,
                "avg_discount": 0.0,
                "total_discount_amount": 0.0
            },
            {
                "order_month": "2024-12",
                "promotion": "板块商用赠送,板块商用赠送,板块商用赠送,板块商用赠送,板块商用赠送,板块商用赠送,板块商用赠送,板块商用赠送,板块商用赠送,板块商用赠送",
                "total_orders": 1,
                "total_revenue": 0.0,
                "avg_discount": 0.0,
                "total_discount_amount": 0.0
            },
            {
                "order_month": "2024-12",
                "promotion": "每月OPEN DAY 「买一赠一」",
                "total_orders": 14,
                "total_revenue": 627.0,
                "avg_discount": 32.857142857142854,
                "total_discount_amount": 460.0
            },
            {
                "order_month": "2024-12",
                "promotion": "每月OPEN DAY 「买一赠一」,加价购",
                "total_orders": 1,
                "total_revenue": 37.8,
                "avg_discount": 30.2,
                "total_discount_amount": 30.2
            },
            {
                "order_month": "2024-12",
                "promotion": "洛克场景85折",
                "total_orders": 1,
                "total_revenue": 42.5,
                "avg_discount": 7.5,
                "total_discount_amount": 7.5
            },
            {
                "order_month": "2024-12",
                "promotion": "洛克场景85折,众安洛克场景88折",
                "total_orders": 1,
                "total_revenue": 65.25,
                "avg_discount": 9.75,
                "total_discount_amount": 9.75
            },
            {
                "order_month": "2024-12",
                "promotion": "洛克消费减免10元",
                "total_orders": 3,
                "total_revenue": 96.0,
                "avg_discount": 10.0,
                "total_discount_amount": 30.0
            },
            {
                "order_month": "2024-12",
                "promotion": "美团商家优惠",
                "total_orders": 3,
                "total_revenue": 92.92999999999999,
                "avg_discount": 7.366666666666667,
                "total_discount_amount": 22.1
            },
            {
                "order_month": "2024-12",
                "promotion": "自带杯减5元",
                "total_orders": 14,
                "total_revenue": 499.0,
                "avg_discount": 5.0,
                "total_discount_amount": 70.0
            },
            {
                "order_month": "2024-12",
                "promotion": "自带杯减5元,自带杯减5元",
                "total_orders": 1,
                "total_revenue": 58.0,
                "avg_discount": 10.0,
                "total_discount_amount": 10.0
            },
            {
                "order_month": "2024-12",
                "promotion": "赠送",
                "total_orders": 8,
                "total_revenue": 0.0,
                "avg_discount": 0.0,
                "total_discount_amount": 0.0
            },
            {
                "order_month": "2024-12",
                "promotion": "赠送,赠送",
                "total_orders": 4,
                "total_revenue": 0.0,
                "avg_discount": 0.0,
                "total_discount_amount": 0.0
            },
            {
                "order_month": "2024-12",
                "promotion": "赠送,赠送,赠送",
                "total_orders": 1,
                "total_revenue": 0.0,
                "avg_discount": 0.0,
                "total_discount_amount": 0.0
            },
            {
                "order_month": "2024-12",
                "promotion": "赠送,赠送,赠送,赠送,赠送",
                "total_orders": 1,
                "total_revenue": 0.0,
                "avg_discount": 0.0,
                "total_discount_amount": 0.0
            }
        ]
    },
    "user": {
        "5- 会员活动按月分析": [
            {
                "order_month": "2023-09",
                "member_activity": "1单用户",
                "total_orders": 23,
                "total_revenue": 1420.0,
                "avg_order_quantity": 1.434782608695652,
                "avg_revenue": 61.73913043478261,
                "avg_order_price": 61.73913043478261
            },
            {
                "order_month": "2023-09",
                "member_activity": "2-5单用户",
                "total_orders": 7,
                "total_revenue": 200.0,
                "avg_order_quantity": 1.3333333333333333,
                "avg_revenue": 28.666666666666668,
                "avg_order_price": 28.666666666666668
            },
            {
                "order_month": "2023-09",
                "member_activity": "5-10单用户",
                "total_orders": 7,
                "total_revenue": 198.0,
                "avg_order_quantity": 1.0,
                "avg_revenue": 28.285714285714285,
                "avg_order_price": 28.285714285714285
            },
            {
                "order_month": "2023-09",
                "member_activity": ">10单用户",
                "total_orders": 471,
                "total_revenue": 20197.6,
                "avg_order_quantity": 1.4225053078556265,
                "avg_revenue": 42.88237791932059,
                "avg_order_price": 42.88237791932059
            },
            {
                "order_month": "2023-10",
                "member_activity": "1单用户",
                "total_orders": 484,
                "total_revenue": 25764.1,
                "avg_order_quantity": 1.6921487603305785,
                "avg_revenue": 53.23161157024793,
                "avg_order_price": 53.23161157024793
            },
            {
                "order_month": "2023-10",
                "member_activity": "2-5单用户",
                "total_orders": 109,
                "total_revenue": 4982.4,
                "avg_order_quantity": 1.5614583333333334,
                "avg_revenue": 47.01666666666667,
                "avg_order_price": 47.01666666666667
            },
            {
                "order_month": "2023-10",
                "member_activity": "5-10单用户",
                "total_orders": 34,
                "total_revenue": 810.3,
                "avg_order_quantity": 1.2,
                "avg_revenue": 23.46904761904762,
                "avg_order_price": 23.46904761904762
            },
            {
                "order_month": "2023-10",
                "member_activity": ">10单用户",
                "total_orders": 1971,
                "total_revenue": 106451.3,
                "avg_order_quantity": 1.245220895375694,
                "avg_revenue": 32.00076416531525,
                "avg_order_price": 32.00076416531525
            },
            {
                "order_month": "2023-11",
                "member_activity": "1单用户",
                "total_orders": 758,
                "total_revenue": 41743.85,
                "avg_order_quantity": 1.6345646437994723,
                "avg_revenue": 55.07104221635884,
                "avg_order_price": 55.07104221635884
            },
            {
                "order_month": "2023-11",
                "member_activity": "2-5单用户",
                "total_orders": 191,
                "total_revenue": 10395.15,
                "avg_order_quantity": 1.4602713178294573,
                "avg_revenue": 53.31778100775193,
                "avg_order_price": 53.31778100775193
            },
            {
                "order_month": "2023-11",
                "member_activity": "5-10单用户",
                "total_orders": 27,
                "total_revenue": 2091.8,
                "avg_order_quantity": 1.1607142857142856,
                "avg_revenue": 81.18720238095239,
                "avg_order_price": 81.18720238095239
            },
            {
                "order_month": "2023-11",
                "member_activity": ">10单用户",
                "total_orders": 1658,
                "total_revenue": 67985.68000000001,
                "avg_order_quantity": 1.24703125,
                "avg_revenue": 86.81630639880952,
                "avg_order_price": 86.81630639880952
            },
            {
                "order_month": "2023-12",
                "member_activity": "1单用户",
                "total_orders": 953,
                "total_revenue": 51314.5,
                "avg_order_quantity": 1.5687303252885625,
                "avg_revenue": 53.84522560335782,
                "avg_order_price": 53.84522560335782
            },
            {
                "order_month": "2023-12",
                "member_activity": "2-5单用户",
                "total_orders": 270,
                "total_revenue": 14923.4,
                "avg_order_quantity": 1.4404761904761905,
                "avg_revenue": 55.805322128851536,
                "avg_order_price": 55.805322128851536
            },
            {
                "order_month": "2023-12",
                "member_activity": "5-10单用户",
                "total_orders": 31,
                "total_revenue": 2049.9,
                "avg_order_quantity": 1.19375,
                "avg_revenue": 63.65416666666667,
                "avg_order_price": 63.65416666666667
            },
            {
                "order_month": "2023-12",
                "member_activity": ">10单用户",
                "total_orders": 980,
                "total_revenue": 33676.17,
                "avg_order_quantity": 1.4271946904507675,
                "avg_revenue": 30.033771078031112,
                "avg_order_price": 30.033771078031112
            },
            {
                "order_month": "2024-01",
                "member_activity": "1单用户",
                "total_orders": 567,
                "total_revenue": 37765.8,
                "avg_order_quantity": 1.6455026455026456,
                "avg_revenue": 66.60634920634921,
                "avg_order_price": 66.60634920634921
            },
            {
                "order_month": "2024-01",
                "member_activity": "2-5单用户",
                "total_orders": 205,
                "total_revenue": 12234.62,
                "avg_order_quantity": 1.4900383141762452,
                "avg_revenue": 59.55539463601532,
                "avg_order_price": 59.55539463601532
            },
            {
                "order_month": "2024-01",
                "member_activity": "5-10单用户",
                "total_orders": 21,
                "total_revenue": 762.48,
                "avg_order_quantity": 1.1666666666666667,
                "avg_revenue": 40.79555555555556,
                "avg_order_price": 40.79555555555556
            },
            {
                "order_month": "2024-01",
                "member_activity": ">10单用户",
                "total_orders": 804,
                "total_revenue": 35412.8,
                "avg_order_quantity": 1.2455403109985064,
                "avg_revenue": 41.480693882614524,
                "avg_order_price": 41.480693882614524
            },
            {
                "order_month": "2024-02",
                "member_activity": "1单用户",
                "total_orders": 446,
                "total_revenue": 27797.0,
                "avg_order_quantity": 2.0807174887892375,
                "avg_revenue": 62.32511210762332,
                "avg_order_price": 62.32511210762332
            },
            {
                "order_month": "2024-02",
                "member_activity": "2-5单用户",
                "total_orders": 189,
                "total_revenue": 9206.44,
                "avg_order_quantity": 1.7634199134199133,
                "avg_revenue": 49.186277056277056,
                "avg_order_price": 49.186277056277056
            },
            {
                "order_month": "2024-02",
                "member_activity": "5-10单用户",
                "total_orders": 14,
                "total_revenue": 627.24,
                "avg_order_quantity": 1.1428571428571428,
                "avg_revenue": 44.80285714285714,
                "avg_order_price": 44.80285714285714
            },
            {
                "order_month": "2024-02",
                "member_activity": ">10单用户",
                "total_orders": 471,
                "total_revenue": 13901.720000000001,
                "avg_order_quantity": 1.6943996560249381,
                "avg_revenue": 49.94783833172095,
                "avg_order_price": 49.94783833172095
            },
            {
                "order_month": "2024-03",
                "member_activity": "1单用户",
                "total_orders": 1131,
                "total_revenue": 69119.84,
                "avg_order_quantity": 1.9487179487179487,
                "avg_revenue": 61.11391688770999,
                "avg_order_price": 61.11391688770999
            },
            {
                "order_month": "2024-03",
                "member_activity": "2-5单用户",
                "total_orders": 529,
                "total_revenue": 31010.0,
                "avg_order_quantity": 1.8748878923766816,
                "avg_revenue": 60.81263079222721,
                "avg_order_price": 60.81263079222721
            },
            {
                "order_month": "2024-03",
                "member_activity": "5-10单用户",
                "total_orders": 41,
                "total_revenue": 1843.88,
                "avg_order_quantity": 1.7142857142857142,
                "avg_revenue": 43.376296296296296,
                "avg_order_price": 43.376296296296296
            },
            {
                "order_month": "2024-03",
                "member_activity": ">10单用户",
                "total_orders": 766,
                "total_revenue": 85244.84,
                "avg_order_quantity": 1.7212461695607764,
                "avg_revenue": 61.87113636363635,
                "avg_order_price": 61.87113636363635
            },
            {
                "order_month": "2024-04",
                "member_activity": "1单用户",
                "total_orders": 1007,
                "total_revenue": 62005.8,
                "avg_order_quantity": 1.9860973187686197,
                "avg_revenue": 61.57477656405164,
                "avg_order_price": 61.57477656405164
            },
            {
                "order_month": "2024-04",
                "member_activity": "2-5单用户",
                "total_orders": 473,
                "total_revenue": 26542.4,
                "avg_order_quantity": 1.9054673721340387,
                "avg_revenue": 57.1571746031746,
                "avg_order_price": 57.1571746031746
            },
            {
                "order_month": "2024-04",
                "member_activity": "5-10单用户",
                "total_orders": 62,
                "total_revenue": 2479.52,
                "avg_order_quantity": 1.329017857142857,
                "avg_revenue": 38.101875,
                "avg_order_price": 38.101875
            },
            {
                "order_month": "2024-04",
                "member_activity": ">10单用户",
                "total_orders": 631,
                "total_revenue": 27987.89,
                "avg_order_quantity": 1.338865629984051,
                "avg_revenue": 28.190407529239764,
                "avg_order_price": 28.190407529239764
            },
            {
                "order_month": "2024-05",
                "member_activity": "1单用户",
                "total_orders": 1324,
                "total_revenue": 79191.44,
                "avg_order_quantity": 1.9093655589123868,
                "avg_revenue": 59.81226586102719,
                "avg_order_price": 59.81226586102719
            },
            {
                "order_month": "2024-05",
                "member_activity": "2-5单用户",
                "total_orders": 604,
                "total_revenue": 34810.24,
                "avg_order_quantity": 1.8140770252324037,
                "avg_revenue": 56.56897742363878,
                "avg_order_price": 56.56897742363878
            },
            {
                "order_month": "2024-05",
                "member_activity": "5-10单用户",
                "total_orders": 84,
                "total_revenue": 4294.0,
                "avg_order_quantity": 1.9664141414141414,
                "avg_revenue": 50.687121212121205,
                "avg_order_price": 50.687121212121205
            },
            {
                "order_month": "2024-05",
                "member_activity": ">10单用户",
                "total_orders": 712,
                "total_revenue": 33183.79,
                "avg_order_quantity": 2.3905591300015163,
                "avg_revenue": 42.4081724832651,
                "avg_order_price": 42.4081724832651
            },
            {
                "order_month": "2024-06",
                "member_activity": "1单用户",
                "total_orders": 1233,
                "total_revenue": 80775.76,
                "avg_order_quantity": 2.0089213300892133,
                "avg_revenue": 65.51156528791564,
                "avg_order_price": 65.51156528791564
            },
            {
                "order_month": "2024-06",
                "member_activity": "2-5单用户",
                "total_orders": 516,
                "total_revenue": 36937.8,
                "avg_order_quantity": 2.0401234567901234,
                "avg_revenue": 73.67860185185185,
                "avg_order_price": 73.67860185185185
            },
            {
                "order_month": "2024-06",
                "member_activity": "5-10单用户",
                "total_orders": 44,
                "total_revenue": 2417.0,
                "avg_order_quantity": 1.9259259259259258,
                "avg_revenue": 53.6412037037037,
                "avg_order_price": 53.6412037037037
            },
            {
                "order_month": "2024-06",
                "member_activity": ">10单用户",
                "total_orders": 733,
                "total_revenue": 31221.659999999996,
                "avg_order_quantity": 2.0795914542728635,
                "avg_revenue": 52.516442142565076,
                "avg_order_price": 52.516442142565076
            },
            {
                "order_month": "2024-07",
                "member_activity": "1单用户",
                "total_orders": 963,
                "total_revenue": 62868.64,
                "avg_order_quantity": 1.9813084112149533,
                "avg_revenue": 65.28415368639668,
                "avg_order_price": 65.28415368639668
            },
            {
                "order_month": "2024-07",
                "member_activity": "2-5单用户",
                "total_orders": 474,
                "total_revenue": 29468.84,
                "avg_order_quantity": 1.8878238341968914,
                "avg_revenue": 60.340293609671846,
                "avg_order_price": 60.340293609671846
            },
            {
                "order_month": "2024-07",
                "member_activity": "5-10单用户",
                "total_orders": 106,
                "total_revenue": 5106.92,
                "avg_order_quantity": 1.9693121693121691,
                "avg_revenue": 48.05096296296296,
                "avg_order_price": 48.05096296296296
            },
            {
                "order_month": "2024-07",
                "member_activity": ">10单用户",
                "total_orders": 798,
                "total_revenue": 32009.45,
                "avg_order_quantity": 1.9240373194540163,
                "avg_revenue": 65.42841847812971,
                "avg_order_price": 65.42841847812971
            },
            {
                "order_month": "2024-08",
                "member_activity": "1单用户",
                "total_orders": 821,
                "total_revenue": 51626.6,
                "avg_order_quantity": 1.9573690621193667,
                "avg_revenue": 62.88258221680877,
                "avg_order_price": 62.88258221680877
            },
            {
                "order_month": "2024-08",
                "member_activity": "2-5单用户",
                "total_orders": 554,
                "total_revenue": 30874.6,
                "avg_order_quantity": 1.8815151515151516,
                "avg_revenue": 56.14780303030303,
                "avg_order_price": 56.14780303030303
            },
            {
                "order_month": "2024-08",
                "member_activity": "5-10单用户",
                "total_orders": 44,
                "total_revenue": 2389.4,
                "avg_order_quantity": 2.223809523809524,
                "avg_revenue": 54.88563492063492,
                "avg_order_price": 54.88563492063492
            },
            {
                "order_month": "2024-08",
                "member_activity": ">10单用户",
                "total_orders": 871,
                "total_revenue": 36771.22,
                "avg_order_quantity": 1.9183128275233539,
                "avg_revenue": 45.92763504540572,
                "avg_order_price": 45.92763504540572
            },
            {
                "order_month": "2024-09",
                "member_activity": "1单用户",
                "total_orders": 1043,
                "total_revenue": 64348.4,
                "avg_order_quantity": 1.8868648130393098,
                "avg_revenue": 61.69549376797699,
                "avg_order_price": 61.69549376797699
            },
            {
                "order_month": "2024-09",
                "member_activity": "2-5单用户",
                "total_orders": 484,
                "total_revenue": 25575.68,
                "avg_order_quantity": 1.738562091503268,
                "avg_revenue": 53.71076797385621,
                "avg_order_price": 53.71076797385621
            },
            {
                "order_month": "2024-09",
                "member_activity": "5-10单用户",
                "total_orders": 93,
                "total_revenue": 5686.75,
                "avg_order_quantity": 2.124574829931973,
                "avg_revenue": 61.35265306122449,
                "avg_order_price": 61.35265306122449
            },
            {
                "order_month": "2024-09",
                "member_activity": ">10单用户",
                "total_orders": 908,
                "total_revenue": 32233.5,
                "avg_order_quantity": 1.7135081032990285,
                "avg_revenue": 56.81716260299446,
                "avg_order_price": 56.81716260299446
            },
            {
                "order_month": "2024-10",
                "member_activity": "1单用户",
                "total_orders": 1222,
                "total_revenue": 73452.0,
                "avg_order_quantity": 1.9459901800327333,
                "avg_revenue": 60.10801963993453,
                "avg_order_price": 60.10801963993453
            },
            {
                "order_month": "2024-10",
                "member_activity": "2-5单用户",
                "total_orders": 614,
                "total_revenue": 32934.96,
                "avg_order_quantity": 1.8217191601049867,
                "avg_revenue": 53.484763779527555,
                "avg_order_price": 53.484763779527555
            },
            {
                "order_month": "2024-10",
                "member_activity": "5-10单用户",
                "total_orders": 104,
                "total_revenue": 6750.0,
                "avg_order_quantity": 2.135827664399093,
                "avg_revenue": 62.518679138322,
                "avg_order_price": 62.518679138322
            },
            {
                "order_month": "2024-10",
                "member_activity": ">10单用户",
                "total_orders": 1051,
                "total_revenue": 45141.42,
                "avg_order_quantity": 1.9929797063190893,
                "avg_revenue": 45.08009585091254,
                "avg_order_price": 45.08009585091254
            },
            {
                "order_month": "2024-11",
                "member_activity": "1单用户",
                "total_orders": 1137,
                "total_revenue": 65571.08,
                "avg_order_quantity": 1.841688654353562,
                "avg_revenue": 57.670255057167985,
                "avg_order_price": 57.670255057167985
            },
            {
                "order_month": "2024-11",
                "member_activity": "2-5单用户",
                "total_orders": 579,
                "total_revenue": 30186.52,
                "avg_order_quantity": 1.6172292545710265,
                "avg_revenue": 52.1226582278481,
                "avg_order_price": 52.1226582278481
            },
            {
                "order_month": "2024-11",
                "member_activity": "5-10单用户",
                "total_orders": 106,
                "total_revenue": 5151.8,
                "avg_order_quantity": 1.6625566893424037,
                "avg_revenue": 48.09580498866213,
                "avg_order_price": 48.09580498866213
            },
            {
                "order_month": "2024-11",
                "member_activity": ">10单用户",
                "total_orders": 1051,
                "total_revenue": 56153.53,
                "avg_order_quantity": 1.6070432483338162,
                "avg_revenue": 55.9704114749348,
                "avg_order_price": 55.9704114749348
            },
            {
                "order_month": "2024-12",
                "member_activity": "1单用户",
                "total_orders": 1111,
                "total_revenue": 70934.04,
                "avg_order_quantity": 1.9396939693969397,
                "avg_revenue": 63.8470207020702,
                "avg_order_price": 63.8470207020702
            },
            {
                "order_month": "2024-12",
                "member_activity": "2-5单用户",
                "total_orders": 595,
                "total_revenue": 34964.75,
                "avg_order_quantity": 1.6453042328042329,
                "avg_revenue": 57.13606150793651,
                "avg_order_price": 57.13606150793651
            },
            {
                "order_month": "2024-12",
                "member_activity": "5-10单用户",
                "total_orders": 117,
                "total_revenue": 5826.0,
                "avg_order_quantity": 1.3329131652661064,
                "avg_revenue": 49.70868347338936,
                "avg_order_price": 49.70868347338936
            },
            {
                "order_month": "2024-12",
                "member_activity": ">10单用户",
                "total_orders": 1079,
                "total_revenue": 56003.43,
                "avg_order_quantity": 1.4756562259555364,
                "avg_revenue": 49.36615346464346,
                "avg_order_price": 49.36615346464346
            }
        ]
    }
}